2564 3950
142 173 208 236 264
303 173 350 226 DE
370 172 513 228 FlNlBUS
532 171 711 228 BONORUM
729 171 777 226 ΕΤ
796 170 979 226 MALORUM

141 337 235 400 tuens
258 334 384 398 iustitia
406 333 537 416 dicitur,
560 333 611 398 oui
635 336 711 406 sunt
733 333 903 400 adiunctae
921 333 1035 417 pietus,
1060 332 1151 398 boni-

140 424 207 504 tes,
242 421 435 505 liberalitas,
471 421 669 506 benignitas,
706 421 861 503 comitas,
892 441 1037 504 quaeque
1074 423 1152 484 sunt
1271 435 1272 449 ¹

142 509 267 594 generis
300 510 451 576 ciusdem.
508 507 616 592 Atque
648 508 727 574 hoec
758 509 806 572 ite
837 508 981 574 iustitiae
1017 508 1152 592 propria

89 612 122 666 oc
143 600 230 681 sunt,
257 600 294 662 ut
321 598 387 662 sint
414 596 572 663 virtutum
598 596 795 680 reliquarum
823 596 1014 662 communia.
1064 593 1151 666 Nam
1271 599 1272 634 l

142 707 215 751 oum
239 686 285 750 sic
306 684 449 750 hominis
466 689 584 751 nature
606 687 760 770 generata
778 684 833 767 sit,
857 687 893 750 ut
914 683 1036 748 habeut
1058 683 1180 767 quid-5
1271 765 1272 772 ἵ

141 773 216 838 dem
252 772 433 857 ingenitum
469 772 561 855 qussi
598 771 691 836 civile
726 775 823 856 etque
859 771 1028 856 populere,
1064 771 1150 854 quod
1271 779 1272 816 ³

142 860 257 926 Gracci
275 855 447 928 πολιτικόν
465 862 591 942 vocent,
609 859 762 944 quioquid
780 863 856 944 eget
873 879 1018 943 quaeque
1036 858 1152 941 virtus,

141 948 175 1013 id
202 970 222 1012 c
249 948 479 1014 communitate
506 952 539 1014 et
566 968 618 1030 ec,
647 969 744 1032 quum
771 947 919 1031 exposui,
949 947 1085 1012 caritate
1113 967 1151 1010 uc

142 1035 297 1102 societate
319 1035 461 1100 humane
479 1057 545 1101 non
565 1034 766 1119 abhorrebit,
789 1035 994 1119 vicissimque
1014 1034 1151 1112 iustitia,

141 1126 179 1188 ut
202 1123 275 1206 ipse
301 1122 415 1188 fundet
442 1145 476 1188 so
508 1144 569 1188 usu
600 1123 635 1188 in
667 1127 789 1188 ceteras
819 1123 970 1206 virtutes,
1000 1122 1047 1188 sic
1075 1121 1150 1186 illas
1167 1151 1196 1188 ro

142 1213 279 1293 expetet.
324 1207 453 1274 Servari
480 1209 567 1274 enim
593 1211 720 1277 iustitie
742 1211 805 1276 nisi
829 1233 848 1276 a
870 1209 948 1276 forti
970 1209 1055 1292 viro,
1085 1209 1150 1274 nisi

143 1321 162 1362 a
184 1297 328 1381 sapiente
350 1317 417 1365 non
438 1299 556 1380 potest.
601 1295 728 1374 Qualis·
736 1301 785 1366 cst
808 1298 910 1382 igitur
933 1297 1037 1364 omnis
1060 1296 1151 1379 hacc,

141 1384 1151 1559 uutruccr⁸pressuspressus

182 1543 185 1547 ·
646 1523 655 1558 7

143 1564 200 1625 eut
221 1561 296 1645 ipsu
312 1561 415 1626 virtus
435 1564 485 1626 est
503 1564 560 1627 eut
578 1583 630 1630 res
651 1564 744 1646 gestu
761 1562 894 1645 virtute3
918 1561 1033 1645 quibus
1052 1559 1151 1624 rebus
1166 1587 1196 1628 15

144 1649 211 1714 vita
246 1649 451 1715 consentiens
487 1649 726 1733 virtutibusque
761 1649 957 1733 respondens
993 1652 1084 1714 recte
1119 1651 1153 1714 et
1271 1701 1272 1712 ,

141 1737 278 1802 honesta
305 1741 339 1800 et
365 1739 516 1803 constans
544 1740 577 1803 et
603 1742 738 1803 naturae
761 1758 941 1822 congruens
972 1735 1152 1803 existimari

91 1844 123 1892 ou
142 1828 259 1907 potest.
304 1824 411 1908 Atque
437 1824 518 1890 haec
544 1825 726 1891 coniunctio
757 1825 965 1908 confusioque
993 1823 1153 1889 virtutum

141 1917 252 1978 tamen
287 1934 307 1976 c
341 1911 546 1995 philosophis
582 1913 710 1978 ratione
748 1913 887 1996 quedam
929 1911 1152 1996 distinguitur.
1271 1987 1272 1990 Ἴ

141 1998 227 2064 Nem
259 2020 332 2063 cunr
359 1999 407 2064 ita
434 2000 603 2082 copulatae
630 2021 832 2084 conexaeque
863 2000 942 2084 sint,
969 2003 1007 2065 ut
1037 2020 1152 2064 omnes
1167 2025 1197 2066 ro

143 2087 287 2150 omnium
314 2085 487 2169 participes
516 2087 582 2152 sint
609 2108 669 2152 nco
691 2087 756 2152 alia
779 2088 819 2152 eb
843 2089 908 2152 alie
930 2086 1035 2170 possit
1058 2108 1152 2170 sepe·
1271 2137 1272 2156 i

142 2174 221 2254 rari,
248 2178 357 2236 tamen
384 2173 550 2256 proprium
578 2195 672 2238 suurn
700 2175 853 2259 cuiusque
881 2197 996 2240 munus
1020 2177 1083 2256 est,
1114 2179 1153 2238 ut

142 2259 299 2326 fortitudo
336 2259 370 2324 in
405 2260 572 2326 laboribus
608 2261 821 2346 periculisque
863 2267 1030 2344 cernetur,
1070 2265 1152 2326 tem-

142 2348 290 2431 perantia
321 2349 356 2414 in
387 2349 682 2433 praetermittendis
714 2350 949 2434 voluptatibus,
980 2349 1153 2434 prudentia

142 2437 177 2503 in
195 2437 314 2502 dilectu
332 2437 492 2502 bonorum
511 2438 733 2521 etmalorum,
756 2437 883 2502 iustitia
901 2438 935 2502 in
954 2459 1011 2502 suo
1036 2437 1152 2521 cuique
1167 2463 1196 2504 ss

141 2525 323 2591 tribuendo.
369 2524 502 2601 Quando
530 2525 631 2608 igitur
658 2525 743 2592 inest
764 2525 799 2589 in
822 2526 910 2590 omni
932 2525 1052 2599 virtute
1074 2545 1153 2590 curu

11 2649 13 2654 .
143 2613 300 2695 quaedam
319 2613 414 2696 quasi
435 2612 523 2678 fores
548 2616 697 2696 spectans
717 2613 861 2696 aliosque
880 2616 1036 2697 appetens
1054 2616 1153 2696 ctque

144 2700 373 2782 complectens,
403 2700 532 2766 exsistit
559 2700 652 2783 illud,
682 2702 719 2764 ut
748 2700 857 2785 amici,
886 2704 924 2764 ut
952 2700 1082 2783 fratres,
1114 2702 1152 2764 ut

142 2786 329 2871 propinqui,
360 2790 399 2851 nt
430 2788 556 2871 affines,
588 2792 625 2852 ut
658 2789 758 2870 cives,
794 2792 832 2851 ut
867 2809 978 2867 omnm
1014 2786 1151 2872 denique

143 2871 310 2958 (quonium
338 2896 435 2940 unum
467 2876 656 2942 societatem
687 2874 856 2941 hominurn
888 2897 958 2942 esse
989 2872 1151 2959 volumus)
1166 2902 1195 2942 so

142 2965 275 3045 propter
298 2983 332 3026 se
354 2962 525 3046 expetendi
547 2964 622 3030 sint.
657 2962 760 3046 Atqui
779 2984 891 3030 eorum
908 2963 991 3040 nihil
1009 2965 1060 3028 est
1083 2962 1151 3037 eius

89 3051 282 3133 eugenetis,
309 3052 345 3114 ut
373 3049 419 3114 sit
445 3049 480 3114 in
506 3050 569 3114 fine
592 3055 689 3135 etque
717 3053 859 3116 extremo
886 3050 1055 3116 bonorum.
1099 3047 1152 3116 lta

141 3137 192 3220 fit,
215 3140 251 3201 ut
274 3138 337 3201 duo
360 3156 482 3221 genera
504 3141 636 3221 propter
659 3159 694 3204 se
712 3137 965 3222 expetendorum
986 3137 1151 3222 reperiun-

141 3228 208 3308 tur,
230 3247 344 3308 unum,
367 3224 526 3308 quodcst
543 3225 577 3290 in
593 3226 648 3305 iis,
672 3226 706 3290 in
729 3226 845 3310 quibus
865 3226 1046 3309 completur
1067 3223 1152 3290 illud
1271 3289 1272 3300 ,

142 3316 333 3395 extremum,
365 3333 445 3395 quae
478 3316 555 3376 sunt
580 3317 640 3377 cut
667 3313 767 3378 enimi
794 3315 850 3378 eut
877 3313 1039 3396 corporis;
1071 3312 1152 3377 heco
1166 3337 1192 3378 se
1271 3315 1272 3394 ξ

142 3401 264 3483 eutem,
296 3420 378 3483 quac
408 3401 485 3464 sunt
517 3399 728 3481 extrinsecus,
766 3399 800 3464 id
833 3403 895 3464 cst¹
913 3422 995 3484 quae
1026 3421 1087 3465 nec
1118 3399 1153 3464 in

141 3484 249 3576 enimc
273 3486 384 3550 insunt
401 3506 503 3570 neque
523 3485 557 3548 in
574 3506 724 3568 corpore,
747 3489 783 3551 ut
802 3487 910 3571 ernioi,
933 3490 970 3551 ut
992 3489 1153 3571 parentes,
1271 3479 1272 3486 '
