2538 3956
181 177 248 240 394
378 176 674 232 TUSCULANARUM
691 174 995 230 DISPUTATIONUM

46 399 57 422 ,
145 350 164 399 8
249 345 294 404 M.
317 337 427 423 Dicat,
446 339 482 404 si
505 338 577 423 quis
600 339 683 421 volt,
710 359 774 422 qua
801 337 840 402 da
863 357 898 402 re
919 337 1084 438 disputari
1106 338 1201 403 velit.

246 428 288 492 A.
322 426 407 492 Non
438 427 531 492 mihi
562 425 668 492 videt
653 431 715 492 tur
748 426 852 492 omni
886 426 1006 490 animi
1030 430 1199 510 pertur-

180 517 338 581 batione
360 537 473 599 posse
496 515 651 600 sapiens
675 536 822 580 vacare.

246 610 292 670 M.
315 603 532 756 Aegritudine
546 603 675 689 quidem
693 603 845 668 hesterna
866 602 1088 686 disputatione
1106 561 1197 667 vide

180 694 238 758 bat
239 714 290 771 ur,
316 691 380 760 nisi
406 691 532 760 fortet
534 691 673 776 emporis
702 713 800 756 eausa
828 691 926 756 nobis
958 690 1223 756 adsentiebare.5

246 781 287 845 A.
314 779 449 846 Minime
476 801 566 862 verm
594 801 671 846 nam
698 778 779 844 mihi
806 779 936 864 egregie
968 779 1109 861 probata
1143 783 1195 844 est

179 868 286 934 oratio
309 872 375 936 tue.

247 963 292 1022 Μ.
313 955 389 1022 Non
407 957 507 1040 igitur
526 956 690 1022 existimas
710 955 821 1022 eadere
839 954 873 1020 in
888 955 1067 1038 sapientem
1087 956 1193 1040 aegri-

178 1045 348 1110 tudinem?

246 1134 288 1200 A.
314 1131 451 1200 Prorsus
473 1154 540 1198 non
562 1132 714 1198 arbitror.
1208 1157 1233 1194 ιι

119 1241 124 1250 ·
246 1226 291 1285 Μ.
314 1221 428 1304 Atqui,
449 1220 479 1284 si
496 1220 561 1286 ista
578 1221 766 1303 perturbare
784 1219 1106 1303 animumsapientis
1123 1241 1193 1284 ιιοιι

176 1312 302 1393 potest,
324 1308 415 1374 nulla
432 1308 562 1392 poterit.
599 1307 684 1384 Quid
702 1309 808 1375 enim?
829 1312 976 1374 metusne
994 1308 1192 1373 conturbet?

179 1397 226 1461 At
249 1419 359 1462 earum
381 1419 489 1461 rerum
512 1401 563 1462 est
586 1397 767 1462 absentium
789 1399 908 1480 metue,
936 1417 1072 1480 quarum
1097 1418 1190 1478 prae-

177 1485 321 1552 sentium
340 1490 391 1550 est
408 1485 586 1570 aegritudo.
621 1483 755 1550 Sublata
774 1485 875 1569 igitur
893 1483 1096 1568 aegritudine
1117 1485 1192 1548 sub-

178 1575 340 1639 latust
289 1577 340 1638 est
352 1577 428 1638 ,ιιιιι
429 1597 475 1638 us.
511 1572 650 1642 Restant
668 1573 748 1674 duae
768 1573 1038 1656 perturbationes,
1061 1572 1229 1638 laetitiam

172 1662 322 1746 gestiens
350 1666 383 1728 et
409 1661 523 1745 libid03
552 1661 685 1745 quaesi
711 1682 776 1726 non
799 1661 976 1728 cadentia
999 1657 1192 1744 sapientem,

180 1771 305 1833 semper
327 1772 417 1818 mens
441 1749 503 1815 erit
523 1749 701 1832 tranquilla
722 1749 888 1832 sapientie.

141 1851 161 1898 9
246 1838 287 1906 A.
316 1839 368 1904 Sic
389 1859 523 1922 prorsus
546 1836 709 1920 intellego.
742 1903 744 1908 ,

245 1933 291 1992 Μ.
313 1926 433 1992 Utrum
455 1927 556 2010 igitur
574 1925 698 1991 mavis?
731 1926 882 1992 statimne
904 1947 963 1992 nos
986 1925 1060 1990 vela
1083 1924 1190 1992 faeere

180 2037 222 2079 an
244 2015 337 2098 quasi
360 2036 377 2078 e
400 2018 495 2098 portu
519 2013 711 2098 egredientis
734 2014 901 2097 paululum
917 2013 1105 2098 remigare?
1203 2039 1228 2078 a

244 2103 285 2168 A.
312 2101 473 2177 Quidnam
496 2106 547 2166 est
568 2101 674 2166 istuc?
688 2124 763 2170 nou
786 2103 871 2168 enim
893 2103 1056 2188 intellego.

137 2195 161 2258 5
245 2195 290 2254 M.
313 2188 395 2264 Quia
418 2187 681 2272 Chrysippuset
666 2187 804 2256 tStoiei
827 2212 900 2255 eum
928 2189 967 2255 de
989 2190 1090 2254 animi
1118 2213 1187 2274 por
1258 2237 1259 2240 ι

179 2276 421 2342 turbationibus
448 2276 631 2361 disputant,
659 2298 811 2364 magnam
833 2278 994 2361 partem
984 2299 1019 2343 m
1040 2276 1092 2342 his
1115 2301 1186 2362 par·

177 2365 296 2444 ¹tiendis
325 2369 358 2429 et
385 2365 572 2430 definiendis
605 2367 753 2449 occupati
781 2369 870 2448 sunt,
842 2366 956 2432 tilla
982 2388 1094 2432 eorum
1116 2388 1187 2450 per·

178 2453 1100 2626 itideniiiiseiaiii.miiifflninitiimnii
1119 2476 1221 2694 ,5⁰5²

177 2630 298 2693 candos
329 2630 455 2695 animos
486 2629 590 2694 multa
623 2629 785 2712 adferunt,
818 2631 929 2714 spinas
953 2621 1185 2714 ¹'partiendiet

176 2717 350 2784 definiendi
376 2739 454 2801 prae
455 2717 647 2783 termittunt.
699 2717 900 2794 Quaerebam
931 2719 1046 2806 igitur,
1078 2722 1184 2784 utrum

175 2804 351 2888 panderem
370 2806 443 2870 vela
461 2810 532 2870 orat
533 2805 617 2872 ionis
637 2808 688 2869 sta
689 2806 749 2870 tim
767 2827 810 2870 an
827 2827 898 2870 eam
922 2811 995 2872 ante
1018 2807 1183 2890 paululum

177 2893 418 2959 dialecticorum
441 2894 537 2960 remis
561 2893 788 3046 propellerem.
1195 2919 1218 2960 ιι

243 2981 285 3045 A.
312 2980 380 3046 Isto
407 2982 503 3046 modo
531 3002 621 3063 vero,
650 2981 711 3046 erit
739 2982 824 3046 enim
856 2982 918 3047 hoe
949 2985 1069 3066 totum,
1102 2983 1182 3066 quod

178 3090 311 3152 quaero,
334 3091 373 3133 ex
395 3072 531 3153 utroque
554 3069 737 3152 perfectius.

126 3169 160 3217 ιο
243 3157 292 3222 Μ.
314 3156 377 3221 Est
403 3156 437 3221 id
462 3157 591 3240 quidem
617 3157 748 3241 reetius3
781 3157 839 3222 sed
865 3162 942 3242 post
968 3157 1110 3242 requires
1117 3209 1139 3242 „
1157 3159 1182 3222 si

178 3244 256 3328 quid
277 3245 376 3308 fuerit
399 3245 574 3310 obscurius.

244 3332 285 3396 A.
312 3331 442 3396 Fauiam
461 3332 619 3417 equidem3
638 3336 817 3416 tutamen,
840 3338 878 3397 ut
893 3335 995 3418 soles,
1017 3332 1103 3398 diaes
1120 3333 1181 3398 ,ista
1193 3358 1215 3400 ι

176 3418 250 3497 ipsa
273 3418 409 3483 obseura
425 3418 575 3503 planius,
598 3441 694 3503 quam
718 3420 865 3490 dicuntur
888 3444 908 3486 a
930 3419 1069 3485 Graecis.

244 3510 289 3567 M.
312 3503 429 3569 Enitar
456 3506 614 3589 equidem,
648 3507 703 3570 sed
730 3507 855 3572 intento
884 3529 964 3591 opus
992 3512 1042 3573 est
1068 3508 1181 3592 animo,
