2574 3956
148 180 212 244 152
310 181 359 234 DE
378 179 522 236 FINIBUS
541 180 720 236 BONORUM
738 180 786 236 ΕΤ
804 180 987 236 MALORUM

146 342 370 427 paratissimus
403 346 466 427 est,
497 342 639 407 futuram
670 341 789 425 putas?
842 341 966 408 Eamne
997 344 1157 408 rationem
1278 402 1279 416 ,

146 432 247 515 igitur
274 451 420 514 sequere,
454 453 518 515 qua
543 433 651 495 tecum
685 430 755 514 ipse
787 435 820 495 et
852 453 925 496 eum
955 431 1022 496 tuis
1054 435 1158 512 utare,

146 519 289 601 profiteri
312 522 345 583 et
367 518 401 584 in
423 519 563 584 medium
586 518 730 601 proferre
753 540 817 584 ιιοιι
836 519 977 582 audeas?
1014 518 1060 583 At
1077 540 1157 583 vero
1278 581 1279 588 ,

147 607 233 690 illa,
250 629 332 691 quae
363 605 586 758 Peripatetici,
623 610 775 691 quaet
738 603 838 671 Stoici
870 606 992 690 dicunt,
1029 627 1158 690 semper
1278 631 1279 686 ι

146 695 253 759 tibi
243 717 279 759 ιιι
311 717 366 760 ore
398 697 474 760 sunt
509 694 544 759 in
579 693 720 777 iudiciis,
752 694 787 759 in
819 699 942 760 senatu.
996 692 1191 776 Officium,a
1275 689 1279 756 l

147 783 357 884 aequitatem,
384 781 589 866 dignitatem,
615 782 724 866 fidem,
752 785 820 847 rect
821 805 854 867 a,
806 781 998 847 tthones
984 785 1033 865 ta,
1056 782 1157 867 digna
1277 789 1279 874 l

146 871 295 955 imperio,
323 870 421 955 digna
448 870 568 970 populo
595 868 756 953 Romano,
789 870 900 935 omnia
926 870 1069 953 pericula
1096 891 1156 952 pro

146 980 181 1022 re
207 959 351 1043 publica,
377 957 459 1023 mori
485 979 545 1042 pro
568 958 688 1042 patu'a,
716 957 797 1022 haee
820 980 893 1022 cum
916 958 1070 1041 loqueris,
1094 979 1157 1022 nos

94 1060 127 1107 ιι
147 1047 334 1112 baronest
302 1068 318 1109 s
320 1051 483 1129 tupemus,
502 1049 538 1109 tu
557 1045 708 1111 videlieet
693 1047 860 1110 ttecum'
850 1067 919 1128 1pse
937 1046 1032 1110 rides.
1068 1044 1157 1110 Nam
1279 1119 1280 1122 Ἴ

146 1135 232 1198 inter
253 1135 319 1198 ista
340 1136 410 1198 tam
431 1133 606 1218 magnifica
628 1135 727 1198 verba
749 1137 879 1216 tamque
897 1133 1065 1216 praeclara
1087 1155 1156 1197 non
1172 1160 1207 1198 ιο
1279 1193 1280 1198 ,

146 1222 245 1286 habet
267 1222 370 1285 ullum
392 1222 542 1304 voluptas
564 1221 685 1305 locum,
707 1243 774 1286 non
791 1221 886 1286 modo
906 1221 978 1304 illa,
1002 1242 1099 1305 quam
1121 1221 1158 1286 ιιι

147 1313 237 1374 motu
257 1331 326 1372 esse
345 1309 465 1391 dicitis,
488 1330 585 1392 quam
604 1331 714 1374 omnes
733 1309 863 1392 urbani,
884 1309 1013 1392 rustici,
1034 1330 1158 1390 omneS,

147 1399 292 1482 inquam,
330 1397 386 1481 qui
423 1395 494 1461 Lat'
471 1400 538 1460 tme
571 1397 708 1480 loquunt
708 1419 759 1479 uu,
792 1397 941 1480 voluptat
908 1419 992 1462 aem
1029 1400 1157 1478 uocant,

146 1486 202 1550 sed
223 1507 264 1550 ne
286 1484 366 1550 haec
389 1483 556 1568 quideme
557 1485 683 1568 tabilis,
710 1505 807 1568 quam
830 1488 958 1568 praeter
980 1505 1037 1548 vos
1061 1505 1156 1549 nemo
1280 1505 1281 1556 l

147 1574 293 1658 appellat
316 1574 525 1657 voluptatem.
1171 1599 1203 1639 15
1280 1609 1281 1612 ι

93 1668 137 1731 24
212 1660 328 1727 Vide
317 1663 380 1762 ugit
380 1684 431 1744 ur,
452 1683 493 1726 ne
511 1683 578 1726 non
599 1661 717 1726 debeas
736 1661 842 1725 verbis
860 1661 980 1725 nostris
999 1660 1062 1745 uti,
1084 1681 1156 1724 sen·

146 1750 290 1814 tentiist
291 1751 350 1814 uis.
388 1749 510 1825 Quodsi
528 1749 653 1813 vidium
676 1748 751 1832 tibi,
774 1749 802 1814 si
828 1749 989 1813 incessum
1007 1748 1156 1832 fingeres,

146 1860 208 1923 quo
232 1838 363 1921 gravior
383 1838 539 1919 viderere,
566 1858 633 1901 non
656 1857 742 1901 esses
765 1835 814 1901 tui
838 1837 969 1919 similis,
997 1837 1096 1901 uerba
1118 1841 1156 1899 tu

123 1927 251 2010 afingas
278 1929 311 1989 et
338 1946 376 1989 ea
398 1925 500 2006 dicae,
527 1945 608 2007 quae
635 1946 701 1988 non
728 1924 870 1988 sentias?
898 1927 955 1988 aut
984 1925 1096 2008 etiam,
1119 1927 1157 1987 ut

146 2013 314 2095 vestitum,
346 2013 392 2076 sic
424 2011 617 2078 sententiam
649 2011 770 2076 habeas
803 2012 902 2076 aliam
934 2011 1155 2094 domesticam,
1171 2039 1201 2078 ao

147 2101 245 2164 aliam
276 2099 450 2182 forensem,
485 2103 522 2164 ut
557 2099 591 2164 in
629 2098 734 2164 fronte
767 2100 940 2165 ostentatio
973 2100 1030 2182 sit,
1066 2100 1154 2163 intus
1279 2131 1280 2134 ¹

147 2187 265 2252 veritas
289 2186 486 2252 occultetur?
521 2184 619 2269 Vide,
642 2209 776 2271 quaeso,
798 2191 962 2252 rectumne
986 2188 1036 2252 sit.
1073 2185 1155 2250 Mihi

147 2274 276 2360 quidem
300 2296 355 2338 eae
381 2296 471 2338 verae
499 2275 647 2339 videntur
669 2275 853 2359 opiniones,
881 2297 962 2359 quae
990 2275 1155 2358 honestae,

148 2385 228 2447 quae
251 2362 443 2446 laudabiles,
467 2383 548 2446 quae
571 2363 744 2448 gloriosae,
768 2384 848 2446 quae
866 2363 902 2428 in
920 2366 1049 2446 senatu,
1072 2385 1154 2446 quae

148 2452 233 2534 apud
259 2452 429 2536 populum,
456 2472 539 2535 quaa
566 2451 711 2516 inomni
739 2454 831 2515 coetu
859 2451 1058 2534 concilioque
1080 2473 1154 2534 pro·
1169 2479 1197 2519 aa
1281 2455 1282 2460 ’

147 2540 283 2604 fitendae
308 2539 387 2622 sint,
409 2561 450 2602 ne
473 2539 507 2604 id
528 2560 595 2604 non
621 2538 741 2622 pudeat
764 2539 897 2622 sentire,
924 2539 1010 2623 quod
1036 2538 1155 2622 pudeat

94 2641 128 2690 78
148 2626 259 2692 dicere.
295 2626 469 2692 Amicitiae
492 2625 682 2700 vcroloeus
700 2626 755 2690 ubi
778 2648 848 2690 esse
871 2631 980 2710 potest
1002 2631 1059 2690 aut
1080 2628 1154 2712 quis

148 2715 269 2778 amicus
294 2735 363 2778 esse
387 2714 548 2797 cuiquam,
577 2735 672 2799 quem
694 2735 761 2779 non
783 2714 889 2798 ipsum
913 2717 999 2778 amet
1020 2718 1154 2798 propter

147 2801 275 2884 ipsum?
312 2801 395 2876 Quid
414 2807 522 2864 autem
541 2805 590 2864 est
615 2823 736 2885 amare,
759 2823 777 2865 e
801 2823 864 2886 quo
882 2822 1001 2866 nomen
1024 2802 1154 2866 ductum

147 2888 307 2952 amicitiae
340 2892 402 2971 est,
434 2888 498 2952 nisi
530 2888 612 2952 velle
643 2889 736 2954 bonis
771 2890 911 2974 aliquem
940 2889 1026 2954 affici
1057 2911 1151 2974 quam
1168 2918 1197 2958 eo

146 2977 309 3059 maximis,
337 2976 464 3040 etiamsi
492 2975 531 3040 ad
559 2998 592 3040 se
622 2997 660 3040 ex
687 2977 727 3040 iis
749 2977 832 3042 nihil
855 2977 1032 3041 redundet?
1076 2977 1153 3042 Pro·

147 3065 230 3148 dest,
257 3063 376 3147 iuquit,
403 3063 483 3127 mihi
511 3085 548 3129 eo
577 3086 646 3130 esse
676 3065 793 3129 animo.
837 3064 941 3130 Immo
966 3065 1066 3130 videri
1088 3065 1153 3128 for-

145 3155 241 3218 tasse.
290 3151 372 3216 Esse
401 3153 499 3236 enim,
526 3152 589 3216 nisi
612 3153 689 3236 eris,
716 3174 782 3217 non
811 3156 913 3235 potes,
959 3153 1021 3229 Qui
1044 3157 1153 3218 autem

146 3261 216 3305 esse
246 3240 383 3323 poteris,
413 3239 477 3304 nisi
508 3244 541 3303 te
574 3262 665 3305 amor
695 3240 766 3323 ipse
798 3239 940 3325 ceperit?
971 3239 1056 3325 quod
1087 3263 1154 3306 uon

146 3328 304 3392 subducta
325 3328 477 3392 utilitatis
496 3329 623 3392 ratione
641 3327 726 3392 effici
750 3328 847 3411 solet,
869 3327 924 3392 sed
948 3329 1054 3411 ipsum
1077 3350 1097 3392 a
1119 3339 1153 3392 se
1167 3355 1195 3397 aa

146 3417 248 3480 oritur
271 3418 305 3480 et
326 3437 385 3479 sua
408 3419 521 3498 sponte
544 3417 696 3479 nascitur.
739 3414 797 3479 ‘At
819 3417 904 3481 enim
929 3437 1044 3502 sequor
1065 3415 1154 3480 utili-

38 3574 39 3579 ,
144 3501 267 3566 tatem?
321 3501 466 3566 Manebit
497 3521 575 3586 ergo
609 3503 752 3566 amicitia
782 3506 850 3568 tam
881 3503 948 3588 diu,
976 3524 1070 3587 quam
1098 3503 1154 3568 diu
1182 3547 1189 3558 ι

1279 1893 1281 1940 l
