2470 3962
362 186 429 242 ms.
448 187 469 242 1.
498 184 574 242 car.
596 194 624 255 1,
644 193 667 242 a.
696 191 711 250 e
731 193 817 242 1—7.
1079 185 1099 250 5

83 349 272 434 spondebo,
296 348 352 413 sed
376 371 413 412 ea
436 349 554 432 dicam,
577 369 658 432 quae
681 348 761 412 mihi
785 351 860 413 sunt
882 349 915 412 in
937 353 1100 433 promptu,

85 437 177 521 q'uod
200 438 265 501 istc
288 438 360 521 ipsa
384 438 475 501 dere
494 437 640 519 multum,
662 441 699 500 ut
721 436 795 521 dixi,
819 440 851 500 et
876 436 930 500 diu
950 436 1099 522 cogitavi.

84 525 270 590 Nemeum
288 525 529 609 philosophiam
543 523 683 589 viderem
701 525 950 608 diligentissime
970 523 1100 589 Graecis
1228 529 1232 538 '

86 614 210 678 litteris
235 613 440 697 explicatam,
464 613 659 693 existimavi,
688 613 716 676 si
743 613 799 698 qui
826 613 865 676 de
887 617 963 676 nost
949 613 1008 676 tris
1032 613 1100 676 eius

60 701 202 766 sstudio
228 703 425 785 tenerentur,
456 702 484 766 si
507 706 615 766 essent
637 663 768 765 Graecis
796 701 897 766 doet'
856 702 950 765 trrnis
975 700 1101 784 eruditi,

90 789 216 854 Graeca
239 789 348 873 potius
372 811 468 874 quam
486 792 599 854 nostra
618 790 772 872 lecturos;
797 789 848 853 sin
867 811 887 854 a
905 780 1101 853 Graecorum

91 877 220 942 artibus
256 881 290 941 et
326 876 505 960 disciplinis
536 877 759 961 abhorrerent,
790 899 830 941 ne
844 871 941 942 haee
973 877 1101 983 quidem

90 969 275 1048 curaturos,
299 987 380 1050 quae
409 964 478 1030 sine
509 965 623 1030 erudit'
598 969 688 1031 tione
712 963 836 1030 Graeca
861 956 1060 1049 intellegi
1035 987 1100 1029 non

90 1057 239 1138 possunt.
290 1053 403 1138 Itaque
432 1076 470 1118 ea
496 1055 587 1118 nolui
611 1054 763 1138 scribere,
789 1076 869 1138 quae
898 1075 958 1122 nec
979 1052 1102 1118 indocti

51 1171 76 1209 ιο
90 1143 282 1228 intellegere
309 1145 443 1226 possent
469 1163 528 1206 nee
556 1141 643 1206 docti
616 1143 777 1227 trlegere
800 1147 957 1208 curarent.
1001 1141 1136 1206 Vides5

92 1235 200 1295 cutem
221 1228 349 1317 (ec-dem
368 1231 453 1295 enirn
471 1230 540 1314 ipse
559 1230 713 1316 didicisti)
732 1251 798 1295 non
815 1253 910 1315 posse
928 1253 987 1296 nos
1004 1232 1101 1295 Amc-

91 1320 162 1383 finii
185 1323 243 1383 aut
265 1318 392 1383 Rabirii
416 1318 537 1383 similes
560 1340 643 1401 esse,
671 1319 726 1404 qui
748 1318 838 1383 nulla
861 1323 930 1384 arte
955 1319 1102 1383 adhibita

91 1409 129 1472 de
148 1408 247 1472 rebus
267 1412 342 1471 ante
357 1408 465 1472 oculos
484 1407 599 1491 positis
616 1406 744 1492 uulgari
764 1429 909 1472 sermone
928 1408 1102 1492 disputant,

90 1495 175 1560 nihil
190 1495 353 1578 definiunt,
367 1495 451 1559 nihil
460 1497 652 1577 partiuntur,
666 1495 749 1559 nihil
759 1499 837 1580 apta
850 1496 1103 1580 interrogatione

54 1613 80 1652 15
94 1583 300 1665 concludunt,
318 1583 441 1647 nullam
460 1583 596 1667 denique
615 1588 717 1648 artem
736 1605 805 1648 esso
824 1605 883 1648 nee
901 1584 1025 1649 dicendi
1043 1605 1101 1648 nee

93 1671 271 1736 disserendi
290 1673 416 1755 putant.
448 1669 517 1736 Nos
539 1675 647 1736 autem
664 1672 845 1755 praeceptis
863 1673 1101 1737 dialecticorum

92 1765 125 1824 et
156 1763 324 1823 oratorum
348 1759 458 1842 etiarn,
487 1760 637 1843 quonism
664 1762 833 1843 utrumque
860 1761 926 1824 rim
949 1761 1102 1824 virtutem

91 1869 163 1912 esse
193 1847 301 1912 nostri
331 1851 462 1930 putant,
495 1849 540 1912 sic
570 1851 733 1932 parentes,
759 1850 796 1912 ut
822 1848 964 1932 legibus,
995 1847 1102 1912 verbis

91 1957 220 2022 quoque
249 1935 343 2000 notis
376 1937 522 2020 cogimur
553 1937 614 2019 uti,
648 1957 728 2019 quae
761 1935 861 2020 docti,
897 1939 934 2000 ut
968 1935 1048 2019 dixi,
1083 1959 1103 1999 a

54 2053 79 2091 n
92 2025 224 2089 Graecis
257 2027 367 2107 petere
399 2025 534 2107 malent,
566 2025 687 2089 indocti
718 2047 759 2090 ne
792 2047 811 2088 a
841 2025 936 2090 nobis
974 2025 1102 2108 quidem

92 2113 267 2196 accipient,
298 2116 336 2175 ut
365 2112 488 2176 frustra
520 2113 625 2177 omnis
659 2113 813 2198 suscipiat
815 2136 853 2178 ur
886 2113 977 2178 labor.
1032 2113 1137 2188 Iamo

91 2223 168 2265 vero
192 2199 341 2284 physica,
366 2222 395 2264 s1
386 2199 602 2285 Epicurum,
625 2201 726 2266 idt
675 2205 726 2266 est
744 2224 772 2266 sr
763 2201 1012 2267 Democritum
1030 2224 1103 2286 pro·

54 2293 57 2297 '
92 2290 220 2370 barem,
243 2310 372 2372 possem
392 2290 575 2354 scriberet
549 2293 575 2353 rt
578 2313 597 2353 a
614 2290 719 2375 plane,
737 2295 775 2355 ut
792 2290 983 2355 Amafinius.
1019 2289 1102 2366 Quid

92 2380 143 2442 est
182 2375 269 2440 enim
309 2397 474 2460 magnum,
518 2399 589 2442 eum
631 2399 744 2442 causas
787 2399 893 2443 rerum
933 2378 1083 2443 efficient
1059 2382 1103 2442 trs

54 2493 78 2532 rc
93 2464 277 2546 sustuleris,
296 2463 334 2530 de
349 2465 611 2548 corpusculorum
626 2463 666 2550 (it
640 2488 686 2529 ra
705 2461 790 2530 enim
805 2465 948 2550 appellat
962 2465 1103 2550 atomos)

93 2553 302 2618 concursione
324 2553 459 2618 fortuita
481 2553 593 2638 loqui?
640 2551 762 2618 Nostra
783 2557 820 2618 tu
842 2553 979 2638 physica
1000 2555 1102 2638 nosti,
1126 2571 1127 2575 ’

93 2663 177 2725 quae
196 2663 268 2705 curn
287 2642 512 2706 contineantur
536 2664 573 2706 ex
596 2641 763 2706 effectione
783 2645 815 2706 et
838 2664 876 2706 ex
899 2643 1036 2707 materia
1056 2665 1103 2725 ec,

93 2752 193 2814 quam
215 2729 311 2813 fingit
333 2733 366 2793 et
386 2729 508 2794 format
530 2731 669 2813 effectio,
697 2729 877 2795 adhibenda
905 2732 1002 2796 eticm
1030 2752 1103 2816 geo-

92 2818 213 2882 metria
227 2822 288 2900 est,
307 2839 404 2901 quam
419 2818 612 2902 quibusnam
627 2819 796 2904 quisquam
815 2820 981 2884 enuntiare
995 2819 1104 2884 verbis

56 2932 80 2970 co
94 2910 150 2969 aut
173 2927 269 2990 quem
292 2906 333 2968 ad
359 2906 612 2991 intellegendum
640 2908 761 2989 poterit
789 2907 966 2972 adducere?
1013 2905 1103 2974 Hace

93 2995 166 3078 ipsc
190 2993 229 3058 dc
248 2994 296 3058 vit
281 2997 368 3058 ttae
387 2995 532 3059 moribus
556 2995 649 3060 etde
673 2999 766 3097 expet
752 2995 857 3060 tendis
879 2995 1103 3080 fugiendisque

1 3149 7 3166 ἢ
92 3083 188 3146 rebus
216 3081 265 3145 illi
290 3082 444 3166 simplicit
446 3104 491 3168 er3
520 3083 650 3167 pecudis
679 3085 764 3147 enim
793 3087 825 3147 et
851 3083 992 3149 hominis
1019 3082 1104 3146 idem

93 3171 217 3235 bonurn
241 3192 309 3234 esse
333 3175 476 3235 censent·
469 3172 586 3256 ,apud
609 3175 738 3236 nostros
758 3176 949 3248 autemnon
971 3172 1103 3256 ignoras

94 3279 175 3343 quae
204 3258 247 3322 sit
273 3261 306 3322 et
337 3263 457 3342 quanta
490 3261 565 3324 subt
551 3260 616 3324 tilit
602 3265 661 3324 tas
717 3251 800 3324 Sive
823 3261 907 3324 enim
942 3257 1138 3324 Zenonem?

57 3373 81 3412 a
69 3368 243 3432 esequcre,
266 3368 421 3432 magnum
440 3351 490 3411 est
513 3348 652 3430 efficere,
675 3350 712 3411 ut
731 3349 803 3431 quis
822 3348 1004 3431 intellegat,
1028 3345 1105 3430 quid

94 3435 137 3499 sit
164 3435 246 3499 illud
272 3438 447 3514 verumet
471 3436 607 3519 simplex
634 3437 767 3519 bonum,
796 3435 972 3518 quodnon
999 3435 1105 3518 possit

95 3525 135 3588 ab
158 3522 331 3588 honestate
359 3523 485 3608 seiungi
508 3521 607 3608 (quod
630 3524 751 3587 bonurn
775 3522 869 3604 quale
892 3522 948 3605 sit,
972 3523 1103 3586 omnino
