2470 3962
139 223 161 287 4
360 219 649 277 AOADEMICORUM
667 219 926 277 Posrnffloaun

100 369 117 429 Ῑ
204 385 244 450 In
259 382 404 450 Cumano
424 404 525 470 nuper
544 405 616 448 eum
635 405 759 448 mecum
774 382 901 448 Atticus
920 387 1032 450 noster
1052 387 1156 467 esset,

105 446 116 491 ¹
138 474 324 538 nuntiatum
347 476 396 537 est
418 472 513 536 nobis
533 493 553 536 a
571 471 614 535 M.
632 471 779 536 Varrone
800 471 926 536 venisse
950 494 1022 537 eum
1039 472 1155 537 Roma

137 562 243 646 pridie
270 559 397 644 vesperi
425 565 471 644 11,
498 559 562 623 nisi
589 559 627 623 de
655 560 708 624 via
735 559 839 624 fessus
863 564 961 644 esset,
991 561 1154 626 continuo

138 650 180 714 ad
201 672 265 715 nos
285 653 457 715 venturum
478 647 586 712 fuisse.
633 647 724 723 Quod
748 669 821 712 cum
844 647 1053 732 audissemus,
1075 651 1154 713 nul-

137 738 205 804 lam
236 759 361 803 moram
388 735 655 820 interponendam
686 736 884 819 putarimus,
917 736 994 820 quin
1023 737 1186 802 uidere-5

137 848 208 891 mus
226 826 392 906 hominem
409 824 580 889 nobiscum
604 827 636 887 ct
655 823 770 888 studiis
794 824 914 888 eisdem
930 829 965 888 et
982 827 1153 890 vetustate

138 915 302 979 amicitiae
330 914 544 978 coniunctum.
594 911 706 997 Itaque
734 912 904 976 confestim
932 912 973 976 ad
1001 934 1074 978 eum
1100 914 1153 978 ire

136 1003 351 1086 perreximus,
378 1001 572 1085 paulumque
596 1021 668 1064 eum
692 1000 732 1064 ab
757 1001 825 1064 eius
848 1000 926 1065 villa
948 1001 1152 1087 abessemus,

137 1092 244 1174 ipsum
272 1091 313 1154 ad
334 1110 393 1153 nos
418 1090 609 1152 venientem.
630 1087 783 1170 vidimus3
815 1091 910 1172 atque
937 1089 1031 1153 illum
1060 1112 1150 1154 com·

137 1178 237 1262 plexi,
260 1181 297 1242 ut
314 1199 384 1241 mos
409 1176 586 1242 amicorum
609 1179 701 1256 est·†
725 1177 804 1240 satis
828 1198 902 1242 eum
924 1177 1023 1262 longo
1047 1179 1198 1244 inter-10

103 1267 223 1338 avallo
253 1266 294 1331 ad
321 1287 412 1330 suam
439 1264 551 1329 uillam
578 1264 771 1328 reduximus.
820 1263 883 1329 Hic
905 1287 1008 1348 pauca
1030 1267 1150 1350 primo,

137 1358 158 1434 †
182 1357 277 1438 atque
301 1375 339 1418 ea
361 1353 627 1436 percontantibus
649 1353 760 1436 nobis,
788 1352 901 1437 ecquid
929 1353 1013 1418 forte
1040 1353 1151 1420 Roma

136 1442 226 1525 novi,
253 1441 396 1506 Atticus:
429 1439 551 1519 Omitte
578 1441 655 1524 ista,
683 1462 763 1525 quae
789 1462 850 1506 nec
876 1442 1061 1524 percontari
1088 1465 1150 1508 neo

138 1530 247 1594 audire
280 1531 349 1594 sine
386 1529 535 1594 molestia
569 1550 754 1614 possumne,
792 1551 927 1613 quaeso,
959 1530 1077 1615 inquit,
1115 1536 1150 1595 et

137 1641 253 1702 quaere
275 1618 399 1701 potius,
427 1617 541 1703 ecquid
563 1619 632 1701 ipse
655 1618 741 1683 novi.
789 1615 892 1681 Silent
915 1617 1000 1682 enim
1023 1617 1147 1684 diutius
1165 1645 1192 1684 15

138 1707 249 1771 Musae
280 1705 439 1771 Varronis
475 1708 577 1790 quam*
607 1707 771 1789 solebant,
806 1727 865 1770 nee
900 1708 1011 1770 tamen
1046 1705 1146 1774 istum

138 1817 275 1876 cessare,
303 1795 358 1859 sed
384 1796 501 1879 celare,
529 1816 610 1880 quae
639 1794 773 1877 scribat,
800 1793 959 1858 existimo.
1010 1793 1148 1860 Minime

139 1905 227 1967 vero,
263 1882 370 1968 inquit
401 1883 469 1966 ille;
505 1882 748 1965 intemperantis
781 1881 867 1945 enim
903 1881 989 1946 arbit
990 1904 1044 1946 ror
1076 1905 1148 1948 1111

139 1971 285 2054 scribere,
303 1971 387 2055 quod
407 1970 559 2036 occultari
577 1969 668 2054 uelit3
692 1969 748 2035 sed
766 1969 870 2034 habeo
891 1992 971 2053 opus
991 1992 1147 2054 magnum

137 2059 172 2122 in
195 2059 358 2142 manibus,
380 2059 508 2143 idque
498 2081 563 2122 ram
585 2057 724 2142 pridem3
751 2057 790 2122 ad
818 2057 903 2122 hunc
926 2057 1012 2122 enim
1039 2059 1147 2142 ipsum
1164 2086 1191 2124 ao

139 2145 204 2233 (me
233 2151 340 2211 autem
369 2145 510 2231 dicebat)
538 2145 694 2230 quaedam
723 2146 866 2229 institui,
896 2167 977 2229 quae
1009 2150 1043 2210 et
1071 2153 1148 2216 sunt

102 2257 259 2320 smagna
291 2255 367 2300 sane
400 2238 433 2298 11
467 2233 622 2298 limantur
654 2255 673 2297 a
704 2255 755 2298 me
787 2234 930 2316 politius.
990 2233 1035 2298 Et
1070 2242 1146 2321 ego:

137 2323 206 2388 Ista
230 2323 371 2408 quidem,
394 2323 538 2405 inquam,
561 2321 676 2405 Varro,
698 2322 765 2385 iam
789 2321 844 2386 diu
867 2327 1056 2405 exspectans
1079 2347 1147 2388 non
1192 2376 1198 2382 .

138 2411 239 2476 audeo
267 2415 375 2475 tamen
399 2409 561 2494 flagitium
591 2409 699 2474 audivi
725 2411 812 2474 enim
836 2433 852 2474 e
875 2410 998 2476 Libone
1021 2415 1145 2496 nostru,

137 2500 227 2564 euius
251 2499 339 2564 nosti
362 2497 504 2562 studium
527 2495 624 2584 (nihil
644 2499 729 2563 enim
748 2519 821 2562 eum
842 2498 910 2562 eius
933 2499 1021 2564 modi
1040 2500 1189 2566 celarem

137 2583 334 2672 possumus),
352 2608 418 2651 non
436 2590 468 2650 te
488 2608 526 2650 ea
545 2587 768 2670 intermittere,
787 2586 843 2651 sed
861 2587 1043 2651 accuratius
1061 2591 1146 2652 trac-

137 2681 207 2741 tare
232 2696 290 2740 nec
314 2675 361 2752 de,
375 2675 525 2738 manibus
548 2696 701 2759 umquam
724 2675 892 2758 deponere.
928 2675 1013 2740 Illud
1037 2680 1146 2742 autem

137 2763 220 2828 mihi
243 2767 317 2828 ante
344 2762 407 2826 hoc
433 2765 563 2845 tempus
585 2785 761 2845 numquam
788 2763 823 2826 in
842 2767 986 2827 mentem
1010 2766 1100 2829 111111
1127 2789 1147 2829 1

137 2856 170 2915 11
196 2851 371 2935 requirere;
404 2851 460 2915 sed
486 2873 570 2914 nunc
604 2854 717 2934 postea
749 2873 845 2933 quam
877 2873 948 2916 sum
980 2851 1146 2936 ingressus

138 2961 188 3004 res
222 2961 289 3022 eas,
322 2960 401 3021 quas
438 2943 546 3006 tecum
578 2939 675 3004 simul
708 2939 817 3022 didici,
849 2940 1000 3002 mandare
1032 2963 1145 3006 monu-
1159 2968 1186 3006 eo

137 3028 256 3092 mentis
274 3026 577 3111 philosophiamque
591 3029 731 3091 veterem
750 3027 842 3090 illam
857 3050 876 3092 a
895 3025 1026 3093 Socrate
1041 3034 1145 3094 ortam

137 3115 263 3181 Latinis
287 3114 404 3178 litteris
430 3114 606 3199 illustrare,
634 3137 767 3200 quaero,
794 3115 871 3200 quid
894 3115 951 3199 sit,
974 3137 1045 3200 cur,
1072 3140 1146 3184 cum

137 3204 240 3268 multa
270 3203 407 3286 scribas,
437 3203 499 3268 hoc
535 3225 635 3288 genus
669 3203 923 3286 praetermittas,
955 3207 1145 3286 praesertim

136 3314 211 3357 cum
239 3291 303 3355 et
294 3312 383 3442 1pset
386 3291 420 3355 in
444 3313 482 3356 eo
506 3293 642 3356 excellas
667 3295 700 3356 et
725 3290 759 3355 id
787 3292 1000 3356 1111111111
950 3296 1082 3376 toaque
1107 3317 1144 3360 ea

137 3401 188 3443 111
211 3379 309 3463 longe
333 3379 447 3444 ceteris
472 3383 504 3443 11
527 3379 641 3444 studiis
665 3382 698 3443 et
721 3379 845 3443 artibus
869 3381 1183 3448 antecedatis

204 3467 287 3532 Tum
316 3467 386 3532 ille:
416 3467 498 3531 Rem
522 3489 542 3531 a
568 3489 619 3531 me
647 3488 742 3550 saepe
770 3466 1042 3532 deliberatamt
1010 3474 1042 3533 et
1065 3473 1144 3536 mul-

137 3557 205 3618 tum
244 3556 400 3641 agitatam
438 3545 584 3638 requiris
642 3554 756 3637 Itaque
792 3577 858 3620 non
893 3555 1000 3621 haesit
985 3560 1060 3622 tans
1097 3582 1145 3624 re-

97 3439 118 3501 2

101 3517 118 3562 4
