2586 3950
337 162 405 217 LIB.
423 162 458 216 11.
486 160 563 216 uAP.
583 167 705 216 ae-as.
734 166 888 225 sse-ar.
1058 159 1122 224 153

113 327 264 407 sequetur
291 323 430 405 utilitas,
458 327 504 407 et,
532 323 560 388 si
587 322 712 388 utilitas
740 322 915 387 constituet
937 323 1122 404 amicitiam,
1245 333 1247 412 ,

112 411 205 476 tollet
233 411 353 476 eadem.
403 407 467 476 Sed
494 411 568 497 quid
597 433 673 495 ages
699 411 842 492 tandem,
869 409 897 473 si
923 411 1048 475 utilitas
1081 411 1121 475 ab
1142 426 1175 474 19
1246 417 1248 482 ς

114 499 271 578 amicitia,
299 503 336 563 ιιι
358 501 396 562 fit
418 521 528 583 saepe,
553 498 724 563 defecerit?
773 498 1013 582 Relinquesnc?
1041 520 1122 582 quac
1248 519 1249 538 ι

113 587 180 651 ista
210 587 354 652 amicitia
390 585 462 652 est?
522 585 712 651 Retinebis?
749 585 804 670 qui
841 585 1009 650 convenit?
1047 585 1123 670 quid
1249 590 1251 672 ᾖ

84 675 199 742 sonim
227 675 266 738 de
295 673 439 739 amicitia
467 675 619 738 statueris
642 673 796 738 utilitatis
819 695 916 738 causa
939 673 1123 758 expetenda,
1251 731 1252 740 ,

113 762 213 826 vides.
267 761 328 828 ‘Ne
361 763 395 826 in
426 761 536 826 odium
567 763 707 844 veniam,
739 761 767 826 si
800 762 938 826 amicum
967 761 1122 826 destitero

112 849 217 916 ueri!
254 849 400 916 Primum
420 871 475 915 cur
498 851 562 914 ista
579 871 631 914 res
654 849 753 934 digna
771 849 844 914 odio
864 853 927 932 est,
950 851 1015 914 nisi
1038 850 1123 934 quod
1253 871 1254 880 ¹

113 941 164 1003 est
186 937 314 1021 turpis?
352 936 488 1016 Quodsi,
510 959 550 1001 ne
576 959 639 1020 quo
658 937 859 1002 incommodo
879 937 1035 1020 afficiare,
1057 959 1123 1004 non
1189 985 1191 992 ,

112 1026 275 1110 relinques
313 1026 464 1109 amicum,
500 1028 623 1108 tamen,
656 1045 696 1091 nc
729 1024 797 1089 sine
828 1025 936 1090 fructu
969 1027 1123 1110 alligatus

68 1139 96 1178 ιο
113 1114 173 1197 sis,
199 1117 236 1178 ut
263 1113 434 1197 moriatur,
462 1112 600 1196 optabis.
650 1111 745 1196 Quid,
773 1112 802 1177 si
830 1136 897 1179 non
920 1115 1015 1179 modo
1038 1113 1124 1178 utili-

112 1206 215 1266 tatem
242 1201 306 1266 tibi
332 1202 455 1267 nullam
480 1201 604 1284 afferet,
632 1200 687 1264 sed
712 1201 855 1266 iacturae
882 1203 928 1266 rei
950 1201 1123 1266 familiaris

114 1293 210 1354 erunt
231 1289 415 1372 faciundae,
442 1289 570 1354 labores
598 1289 804 1372 suscipiendi,
832 1289 1011 1356 adeundum
1038 1291 1124 1354 ritae

112 1377 315 1462 periculum?
342 1399 382 1442 ne
409 1380 479 1441 tum
506 1375 635 1460 quidem
662 1380 694 1441 te
722 1378 873 1461 respicies
902 1383 934 1442 et
963 1378 1125 1462 cogitabis

113 1466 179 1529 sibi
197 1487 353 1550 quemque
371 1469 485 1530 natum
504 1487 574 1530 esse
593 1468 626 1528 et
643 1465 709 1530 suis
724 1463 967 1548 voluptatibus?
999 1465 1125 1530 Vadam

69 1579 97 1618 15
113 1560 148 1618 te
181 1553 220 1617 ad
252 1557 390 1618 mortem
419 1555 559 1636 tyranno
586 1552 679 1616 dabis
708 1575 767 1636 pro
795 1554 912 1636 amico,
941 1557 978 1617 ut
1003 1552 1124 1636 Pytha-

23 1705 24 1722 ,
113 1662 230 1726 goreus
259 1641 315 1705 ille
344 1639 452 1706 Siculo
479 1641 557 1704 fecit
584 1641 747 1723 tyranno?
779 1643 849 1724 aut,
879 1639 1018 1723 Pylades
1051 1663 1124 1706 cum

114 1729 175 1812 sis,
206 1729 291 1793 dices
326 1732 358 1792 te
393 1750 462 1794 esse
490 1727 639 1810 Oresten,
671 1731 708 1792 ut
735 1729 873 1793 moriare
906 1751 965 1812 pro
999 1729 1124 1794 amico?

115 1821 184 1900 aut,
207 1817 236 1880 si
259 1839 346 1882 esses
365 1815 509 1900 Orestes,
532 1815 687 1900 Pyladem
700 1815 887 1917 refelleres,
909 1820 942 1880 te
964 1815 1123 1881 indicares

23 1907 24 1914 '
133 1905 213 1986 t,si
235 1904 269 1968 id
291 1926 359 1970 non
380 1905 546 1988 probasse,
577 1925 639 1987 quo
663 1904 770 1968 minus
794 1903 890 1969 ambo
913 1926 978 1969 una
996 1926 1123 1970 nccare·

72 2018 99 2056 ao
114 1927 209 2076 mini,
231 2014 298 2057 non
321 1992 548 2076 deprecarere?

182 2080 318 2145 Faceres
346 2085 383 2143 tu
410 2081 551 2163 quidem,
577 2079 751 2165 Torquate,
778 2080 859 2145 haec
886 2080 1009 2163 omnia,
1041 2040 1178 2145 nihil25
1143 2115 1180 2165 80

115 2170 203 2234 enim
237 2168 321 2233 arbit
307 2172 376 2233 tror
412 2190 481 2232 esse
513 2189 633 2253 magna
663 2168 757 2234 laude
793 2168 940 2252 dignum,
972 2168 1057 2251 quod
1092 2171 1125 2233 te

114 2257 419 2341 praetermissurum
442 2256 569 2321 credam
593 2258 649 2320 aut
671 2257 786 2320 mortis
809 2259 866 2320 aut
888 2256 1008 2320 doloris
1027 2259 1125 2321 metu.

115 2345 190 2410 Non
209 2346 374 2428 quaeritur
391 2348 498 2409 autem
506 2343 610 2428 ,quid
627 2347 762 2408 naturae
783 2348 858 2408 tuae
878 2339 1165 2408 consentaneum

74 2456 103 2497 as
117 2433 174 2515 sit,
147 2431 254 2496 tsed
255 2432 354 2584 tquid
376 2395 574 2532 discipliirae,
622 2429 720 2495 Ratio
747 2432 824 2514 ista,
854 2453 949 2514 quam
973 2431 1126 2513 defendis,

117 2524 289 2603 praccepta
294 2571 302 2603 ,
326 2542 408 2605 quac
431 2518 571 2584 didicist
546 2523 586 2601 tr,
609 2541 690 2601 quae
712 2519 844 2600 probaS,
871 2517 977 2582 fundit
963 2521 1015 2584 tus
1038 2540 1125 2583 ever·

118 2611 192 2671 tunt
218 2608 407 2691 amicitiam,
436 2607 582 2692 quamvis
611 2627 682 2670 eam
709 2605 881 2689 Epicurus,
909 2610 946 2671 ut
975 2606 1066 2690 facit,
1091 2607 1126 2671 iu

117 2693 240 2760 caelum
273 2696 385 2760 efferat
415 2694 574 2759 laudibus.
633 2693 680 2758 At
716 2695 817 2758 coluit
852 2695 922 2777 ipse
956 2695 1128 2759 amicitias.

117 2782 210 2867 Quis,
233 2805 365 2867 quaeso,
387 2783 481 2847 illum
498 2785 636 2868 negate
619 2781 795 2848 etbonum
816 2783 921 2846 virum
946 2787 978 2847 et
1000 2805 1125 2848 comem

75 2895 101 2934 ao
115 2875 148 2935 et
174 2870 351 2936 humanum
378 2869 502 2934 fuisse?
551 2869 637 2934 De
627 2890 758 2955 mgenro
787 2892 854 2934 e1us
884 2893 917 2935 m
941 2870 993 2934 lus
1017 2871 1124 2971 dispu-

115 2958 308 3040 tationibus,
337 2980 404 3024 non
436 2958 474 3022 de
505 2957 650 3022 moribus
683 2959 808 3041 quaerit
809 2980 856 3022 ur.
915 2955 965 3022 Sit
950 2958 1100 3022 tista
1091 2981 1126 3022 ln

115 3009 313 3111 Graecorum
347 3046 479 3111 levitate
520 3046 728 3129 perversitas,
770 3045 825 3130 qui
861 3045 1022 3110 maledict
999 3049 1041 3108 trs
1078 3045 1125 3110 in

115 3137 281 3200 sectantur
312 3155 380 3218 eos,
408 3157 429 3198 a
455 3133 570 3218 quibus
593 3134 632 3197 dc
655 3135 791 3198 veritate
815 3132 1018 3198 dissentiunt.
1063 3130 1125 3196 Sed

115 3223 263 3307 quamvis
297 3223 396 3287 comis
428 3222 463 3286 in
496 3222 608 3285 amicis
644 3220 771 3285 tuendis
803 3221 914 3303 fucrit,
944 3224 1064 3302 tamen,
1097 3221 1125 3284 si

43 3361 44 3379 ι
75 3335 100 3375 ιι
114 3312 195 3376 haec
219 3332 296 3375 vera
319 3313 394 3376 sunt
417 3307 513 3394 (nihil
537 3309 622 3374 enim
643 3305 797 3395 affirmo),
819 3329 886 3373 non
908 3309 988 3372 satis
1012 3310 1124 3372 acutus

113 3400 185 3464 fuit.
222 3398 268 3463 At
286 3399 399 3463 multis
419 3419 453 3462 se
476 3397 636 3481 probavit.
670 3396 716 3461 Et
738 3396 866 3481 quidem
886 3397 954 3460 iure
977 3395 1175 3479 fortasse,81

112 3487 170 3551 scd
198 3489 307 3550 tamen
334 3508 399 3551 non
428 3485 653 3570 gravissimum
686 3489 736 3548 est
766 3483 988 3548 testimonium
1016 3484 1124 3547 multi-
