2564 3952
64 225 67 232 '
164 235 229 298 372
298 310 304 318 ,
359 233 658 290 ruscunnumauu
675 233 978 291 nrsrurmrcnuu

136 422 139 427 ·
230 398 346 475 Quem
377 397 647 482 dspectabant,
679 395 786 462 cuius
819 398 864 463 cb
898 420 938 464 os
966 397 1076 464 Graii
1111 403 1178 465 dra

712 486 970 552 obvertebant
994 487 1086 552 sua?

110 623 145 672 40
164 603 287 680 Quodsi
310 602 374 686 cui,
397 605 434 666 ut
457 602 503 666 ait
524 601 624 686 idem,

230 717 344 782 simul
368 717 516 782 animus
541 738 622 781 cum
644 737 683 780 re
706 715 891 800 cdnuidit,

164 865 184 907 a
206 841 360 927 gravibus
382 839 448 904 illis
469 839 610 922 antiquis
631 838 836 923 philosophis
858 840 997 923 petenda
1014 840 1177 907 medicina

163 934 227 1014 est,
249 950 316 1004 non
334 930 375 993 ab
398 928 450 993 his
469 927 669 1011 voluptariis.
706 926 810 1004 Quam
829 928 913 992 cuim
934 929 990 994 isti
1013 929 1202 996 bonoruma

164 1040 292 1198 utu
301 1015 523 1191 (111111οἕ
525 1037 570 1168 t
585 1037 662 1170 {tl
681 1017 1086 1189 ttiutttulfftu
1108 1040 1177 1171 u:

163 1215 292 1258 necesse
311 1197 362 1258 est
377 1214 462 1258 nunc
480 1191 615 1276 omnia);
634 1192 708 1257 idne
728 1195 790 1271 est,
808 1214 871 1276 quo
890 1193 1030 1258 traducti
1047 1194 1174 1260 luctum

164 1281 328 1346 levemus?
379 1279 429 1346 Sit
460 1302 538 1346 saue
570 1302 730 1345 summum
761 1282 883 1346 malum
915 1281 1036 1365 dolere3
1069 1283 1104 1348 in
1137 1305 1176 1348 eo

164 1371 265 1455 igitur
288 1370 431 1454 quinon
454 1373 518 1453 est,
541 1362 674 1434 simale
692 1373 813 1454 careat,
837 1371 1030 1435 continuone
1053 1369 1218 1437 fruitura

110 1480 144 1528 41
165 1456 418 1524 summobono?
455 1456 538 1532 Quid
557 1459 820 1542 tergiversamur,
839 1458 992 1543 Epicure,
1014 1480 1074 1524 nec
1093 1459 1176 1524 fate-

164 1569 236 1613 mur
260 1569 331 1612 eam
353 1568 412 1613 nos
436 1546 540 1611 dicere
561 1547 774 1630 voluptatem,
798 1568 895 1630 quam
916 1550 954 1612 tu
975 1547 1076 1631 idem,
1102 1570 1177 1612 eum

164 1659 200 1702 os
232 1635 441 1720 perfricuisti,
476 1636 559 1700 seles
591 1635 716 1699 dicere?
771 1633 853 1700 Sunt
880 1635 961 1700 haee
987 1639 1046 1700 tua
1075 1637 1177 1702 uerba

163 1724 286 1789 necne?
343 1723 382 1788 In
414 1744 452 1788 eo
484 1721 614 1808 quidem
646 1723 744 1804 libro,
782 1723 839 1807 qui
871 1723 1013 1788 eontinet
1045 1746 1177 1789 omnem

163 1812 366 1896 disciplinam
392 1816 498 1896 tuam,
526 1810 660 1897 (fungar
686 1812 773 1876 enim
798 1813 864 1876 iam
890 1812 1076 1896 interpretis
1106 1835 1175 1876 mu·
1190 1838 1215 1877 1⁵

163 1923 253 1984 nere,
282 1923 324 1966 ne
356 1901 428 1984 quis
460 1922 511 1965 me
543 1903 635 1983 putet
666 1896 802 1984 fingere)
833 1899 914 1964 dicis
946 1899 1038 1965 haec:
1080 1899 1176 1966 ‘Nec

165 1990 340 2074 equidem
364 1989 499 2072 habeo,
527 1988 624 2071 qued
646 1988 876 2074 intellegam
899 1989 1037 2054 bouum
1060 1989 1176 2073 illud,

164 2077 370 2142 detrahens
411 2099 474 2141 eas
510 2076 748 2160 voluptates,
785 2097 880 2160 quae
916 2098 1053 2160 sapore
1089 2099 1177 2161 pcr-

165 2165 376 2249 cipiuntur,
402 2163 609 2229 detrahens
638 2186 715 2247 eas,
743 2185 838 2248 quae
869 2164 1003 2230 auditu
1026 2168 1064 2229 et
1087 2186 1175 2230 can·

164 2254 285 2335 tibus,
321 2251 530 2317 detrahens
567 2273 629 2317 eas
667 2252 797 2337 etiam,
834 2275 928 2338 quac
961 2275 1003 2317 ex
1036 2253 1174 2318 formis
1189 2280 1216 2319 00

141 2340 144 2345 ’
164 2341 436 2426 percipiuntur
455 2341 591 2420 oculis,
610 2341 738 2405 suavis
757 2342 960 2426 motiones,
979 2342 1060 2406 sive
1079 2364 1176 2426 quae

165 2431 267 2495 aliae
285 2429 506 2512 voluptates
525 2429 565 2494 in
582 2432 666 2493 toto
685 2427 838 2494 homine
856 2431 1070 2514 gignuntur
1083 2451 1177 2515 quo·
1274 2397 1275 2477 1

164 2519 265 2583 libet
296 2540 422 2601 sensu3
454 2539 521 2582 nec
550 2539 639 2583 vcro
669 2517 725 2581 itu
757 2517 833 2582 diei
860 2521 1005 2602 potest,
1033 2519 1175 2583 mentis

55 2673 60 2680 .
164 2607 362 2672 laetitiam
403 2607 524 2671 solam
561 2627 644 2670 esse
683 2605 724 2670 in
764 2605 888 2670 bunia.
947 2605 1177 2671 Lactantem

166 2695 264 2759 enim
300 2697 465 2764 mentem
500 2695 558 2759 ita
593 2693 699 2758 novi:
736 2715 800 2776 spe
832 2715 961 2759 eorum
993 2695 1216 2779 01001000,οῡ

165 2803 260 2866 quae
296 2804 413 2865 supra
448 2782 540 2860 dixi,
575 2782 657 2846 fore
694 2784 735 2845 ut
764 2785 907 2846 natura
938 2782 988 2848 iis
1019 2783 1177 2867 potiens

112 2891 146 2938 ua
166 2872 302 2939 delore
339 2869 490 2935 careat?
547 2869 655 2954 Atque
691 2869 770 2934 haec
806 2870 934 2954 quidem
970 2870 1021 2934 his
1058 2871 1178 2955 verbis,

166 2959 271 3043 quivis
293 2961 331 3024 ut
352 2959 536 3043 intellegat,
558 2979 655 3042 quarn
680 2957 881 3041 voluptatem
903 2958 991 3024 norit
1008 2957 1178 3043 Epicurus.
1272 2969 1273 3001 1

165 3047 291 3112 Deinde
317 3047 415 3131 paulo
443 3047 540 3110 infra:
573 3044 708 3130 ‘Saepe
735 3046 938 3129 quaesivi',
955 3046 1087 3131 iuquit,
1117 3047 1177 3112 ‘ex

165 3136 229 3219 iis,
264 3135 329 3219 qui
361 3134 662 3218 appellabantur
694 3135 907 3218 sapientes,
939 3134 1028 3218 quid
1060 3133 1215 3202 habe-m

165 3228 266 3305 rent,
299 3223 397 3307 quod
429 3222 468 3286 in
499 3221 611 3287 bouis
643 3221 919 3306 relinquerent,
952 3221 985 3286 si
1016 3222 1086 3287 illa'
1115 3223 1175 3288 de·
1271 3237 1272 3242 ’

166 3311 394 3392 traxissent,
412 3308 489 3373 nisi
508 3309 540 3372 si
559 3308 704 3374 vellent
727 3331 837 3375 voces
855 3310 983 3376 inanis
1001 3309 1175 3397 fundere;

166 3398 268 3462 nihil
291 3397 336 3462 ab
360 3397 410 3461 iis
433 3396 543 3479 potui
566 3417 806 3481 cognoscere.
859 3397 930 3473 Qui
953 3398 986 3462 si
1008 3398 1175 3465 virtutes

166 3485 331 3548 ebullire
363 3483 497 3549 volent
528 3486 565 3548 et
597 3483 825 3568 supientiae,
855 3485 956 3550 nihil
985 3486 1089 3551 aliud
1119 3487 1175 3551 di·

166 3575 253 3635 cent
276 3571 353 3635 nisi
377 3593 458 3636 eam
480 3571 593 3654 viam,
616 3565 1214 3659 000011101001000000010000
