2568 3948
137 186 202 251 238
298 187 346 241 un
365 185 509 241 sumus
528 184 707 240 cononum
724 185 772 240 su
791 157 973 239 uncorum

137 349 255 432 inquit,
279 369 321 412 an
343 347 441 411 etiam
463 350 522 410 tua
543 350 658 430 sponte
680 366 858 429 propensus
883 343 939 410 es?
974 343 1057 408 Mihi
1075 344 1146 428 qui-

138 435 210 498 dem
228 434 438 514 Antiochum,
461 455 555 519 quem
575 434 679 517 audis,
699 433 778 498 satis
798 432 883 497 belle
901 432 1019 497 videris
1039 436 1147 498 atten-

139 523 220 586 dere.
265 523 347 588 Tum
374 522 428 586 ille
455 521 567 586 timide
594 521 646 584 vel
673 522 782 604 potius
814 520 1003 586 verecunde:
1035 519 1145 601 Facio,

137 611 257 692 inquit,
290 610 450 694 equidem,
481 608 537 672 sed
568 609 726 672 audistine
759 609 854 674 modo
887 607 925 672 de
954 605 1143 672 Carneade?
1274 629 1275 692 ἦ

137 697 247 780 rapior
269 697 360 780 illuc,
383 700 513 762 revocat
541 699 647 760 autem
671 695 864 777 Antiochus,
890 716 950 760 nec
978 699 1028 760 est
1049 717 1173 778 prae-5

98 841 118 901 3
137 789 240 866 terea,
262 807 357 868 quem
383 784 560 847 audiamus.

103 917 118 965 7
204 873 286 936 Tum
308 871 396 936 Piso:
428 871 501 935 Etsi
527 871 603 954 hoc,
632 872 751 955 inquit,
774 871 911 936 fortasse
934 892 999 935 non
1021 871 1144 953 poterit

137 960 183 1024 sic
211 959 314 1042 abire,
335 981 413 1023 'cum
440 959 493 1022 hic
520 958 606 1023 adsit
629 956 694 1044 (me
718 961 825 1022 autem
849 953 1004 1042 dicebat),
1032 962 1143 1022 tamen

138 1046 260 1112 audebo
288 1052 321 1110 te
349 1047 390 1110 ab
418 1047 479 1110 hac
502 1045 679 1110 Academia
705 1068 790 1110 nova
818 1046 859 1110 ad
886 1046 978 1110 illam
1000 1049 1140 1110 veterem

137 1155 266 1216 vocare,
289 1134 322 1198 in
345 1155 420 1216 qua,
443 1137 479 1197 ut
503 1134 606 1198 dicere
625 1132 822 1198 Antiochum
841 1133 1006 1215 audiebas,
1028 1154 1096 1197 non
1117 1133 1187 1199 iiro

138 1222 198 1287 soli
221 1223 442 1301 numerantur,
465 1221 519 1304 qui
536 1219 724 1285 Academici
741 1225 909 1303 vocantur,
933 1219 1142 1304 Speusippus,

137 1307 349 1390 Xenocrates,
385 1307 533 1391 Polemo,
569 1305 708 1374 Crantor
739 1309 914 1392 ceterique,
951 1308 1007 1372 sed
1042 1309 1142 1372 etiam

137 1395 344 1477 Peripatetici
358 1397 492 1478 veteres,
511 1417 646 1478 quorum
659 1396 809 1478 princeps
823 1395 1027 1477 Aristotelea,
1046 1417 1142 1478 quem

138 1486 270 1566 excepto
293 1482 430 1546 Platone
452 1483 539 1546 haud
558 1483 623 1547 scio
643 1505 685 1548 an
703 1488 790 1548 recte
807 1483 942 1547 dixerim
963 1483 1142 1566 principem
1274 1545 1275 1574 ,

137 1570 411 1653 philosophorum.
460 1570 512 1634 Ad
544 1591 599 1635 eos
626 1571 726 1655 igitur
756 1573 907 1636 converte
933 1573 981 1653 te,
1013 1583 1184 1654 quaesere
1274 1637 1275 1640 ,

137 1657 187 1722 Ex
223 1679 334 1722 eorum
373 1658 458 1722 enim
495 1658 624 1741 scriptis
660 1662 693 1722 et
732 1658 891 1722 institutis
928 1679 1000 1722 cum
1021 1659 1141 1722 'omnis

137 1745 282 1811 doctrina
308 1745 469 1828 liberalis,
501 1745 605 1810 omnis
632 1745 782 1827 historia,
815 1745 918 1809 omnis
946 1765 1051 1810 sermo
1078 1745 1141 1808 ele·
1274 1795 1275 1822 ,

137 1854 218 1916 gans
242 1833 326 1896 sumi
347 1835 468 1915 potest,
494 1835 564 1896 tum
592 1833 730 1898 varietas
753 1836 803 1896 est
829 1837 923 1896 tanta
946 1832 1077 1914 artium,
1105 1836 1143 1896 ut

109 1987 112 1994 ,
136 1941 231 1984 nemo
256 1920 324 1983 sine
348 1941 385 1984 eo
409 1920 625 1985 instrumento
649 1920 690 1983 ad
712 1919 811 1985 ullam
834 1941 902 1991 rem
929 1919 1141 1985 illustriorem
1274 1989 1275 1992 Ἴ

137 2008 216 2071 satis
249 2009 380 2071 ornatus
411 2007 518 2090 possit
544 2006 700 2084 accedere.
750 2005 802 2070 Ab
830 2007 881 2070 his
909 2011 1067 2090 oratores,
1099 2009 1140 2071 ab
1155 2035 1183 2073 ro

136 2093 187 2158 his
219 2094 429 2176 imperatores
459 2115 496 2157 ac
527 2115 633 2158 rerum
664 2093 866 2177 publicarum
897 2094 1057 2176 principes
1089 2115 1141 2158 ex-

137 2181 297 2245 stiterunt.
334 2179 380 2244 Ut
399 2181 439 2244 ad
458 2181 583 2245 minora
601 2181 741 2264 veniam,
764 2180 994 2264 mathematici,
1016 2185 1143 2265 potitae,

136 2267 264 2349 musici,
301 2267 419 2331 medici
454 2267 591 2352 denique
628 2290 666 2332 ex
702 2267 763 2332 hac
795 2272 961 2353 tamquam
997 2269 1141 2333 omnium

102 2375 118 2424 8
138 2355 298 2418 artificum
320 2355 452 2426 officina
472 2355 610 2438 proiecti
634 2359 717 2420 sunt
753 2355 860 2440 Atque
881 2376 954 2441 ego:
987 2354 1057 2420 Scis
1081 2377 1141 2439 me,

136 2441 282 2527 inquam,
304 2442 390 2507 istud
412 2442 498 2508 idem
522 2443 655 2527 sentire,
682 2443 770 2528 Piso,
800 2443 935 2508 sedt
879 2447 953 2508 ate
936 2407 1141 2526 eoponune'
1154 2469 1182 2508 25

136 2529 224 2594 facta
251 2552 324 2594 men
324 2531 371 2595 tio
400 2535 458 2596 est.
435 2529 622 2597 tStudet
649 2533 733 2597 enim
759 2553 850 2596 meus
879 2531 988 2596 audire
1018 2529 1142 2614 (licere,

137 2639 295 2700 quaenam
319 2619 362 2682 sit
385 2619 479 2683 istius
501 2621 632 2703 veteris,
660 2641 756 2702 quam
783 2640 1030 2698 commemoras,
1057 2617 1141 2682 Aca-

136 2705 259 2768 demiae
288 2706 326 2769 de
355 2706 473 2770 finibus
501 2706 659 2770 bonorum
688 2667 1038 2788 Peripateticorumque
1070 2726 1141 2769 sen·

136 2793 247 2856 tentia.
302 2789 476 2857 (lensemus
509 2795 614 2856 autern
646 2793 798 2856 facillime
830 2797 864 2856 te
900 2792 933 2856 id
968 2793 1141 2875 explanare

136 2900 243 2962 posse,
276 2878 361 2962 quod
387 2882 422 2942 et
444 2876 591 2943 Staseam
614 2878 864 2963 Neapolitanum
892 2880 1012 2943 multos
1038 2901 1141 2944 annos
1155 2906 1183 2944 so

135 2966 287 3030 habueris
315 2964 401 3048 apud
430 2968 463 3028 te
491 2968 524 3028 et
552 2967 730 3050 complures
757 2967 822 3030 iam
851 2987 977 3030 menses
1001 2967 1141 3032 Athenis

135 3053 246 3117 haec
237 3075 309 3135 ipsa
331 3055 364 3115 te
383 3074 422 3116 ex
440 3052 602 3118 Antiocho
622 3055 785 3119 videamus
796 3054 980 3153 exquirere.
1017 3052 1063 3117 Et
1084 3054 1141 3118 ille

135 3140 256 3204 ridens·
287 3139 371 3224 Age,
396 3160 469 3241 age,
492 3141 610 3226 inquit,
636 3141 729 3226 (satis
753 3141 838 3205 enim
862 3141 940 3204 scite
963 3163 1014 3205 me
1036 3143 1143 3206 nostri

136 3228 291 3292 sermonis
324 3227 519 3328 principium
552 3251 622 3294 esse
653 3225 799 3312 voluisti)
835 3249 1032 3328 exponamus
1065 3229 1141 3292 adu-

135 3314 331 3398 lescenti,
305 3337 333 3378 s1
357 3337 444 3415 quae·
461 3315 546 3380 forte
514 3322 746 3400 ptossumus.
791 3313 859 3379 Dat
881 3315 966 3379 enim
990 3316 1024 3380 id
1045 3316 1140 3380 nobis
1155 3342 1182 3382 ss
1274 3369 1275 3372 1

136 3403 213 3467 solit
199 3401 291 3484 tudo,
315 3403 444 3486 quod
419 3425 446 3466 s1
465 3403 519 3486 qui
542 3403 618 3467 deus
642 3402 775 3487 diceret,
796 3423 973 3486 numquam
991 3407 1141 3486 putarem
1274 3413 1275 3418 ’

135 3511 185 3553 me
208 3491 243 3554 in
260 3488 435 3554 Academia
453 3493 617 3574 tamquam
640 3489 871 3573 philosophum
894 3491 1140 3572 disputaturum.
