2564 3950
315 223 395 276 'am
415 223 435 276 Ι.
465 221 542 278 aar.
562 226 683 276 aa-aa.
711 226 866 288 §ss-61.
955 254 958 258 -
1039 221 1100 286 301

87 407 179 468 mus,
216 386 292 449 ante
328 405 426 469 quam
462 384 495 447 in
533 405 649 468 corpus
686 383 889 468 intravisset,
926 385 961 448 in
995 405 1102 448 rerum

87 472 280 558 cognitione
302 473 468 556 viguisset.
505 470 650 556 Cumque
667 471 750 536 nihil
770 476 867 555 esset,
890 475 927 536 ut
951 472 1101 538 omnibus
1121 483 1154 532 58

88 563 173 626 loeis
201 583 221 626 a
242 559 379 626 Platone
409 560 578 640 disseritur
601 557 697 644 (nihil
720 560 806 624 enim
828 560 884 624 ille
906 563 1000 644 putat
1023 581 1102 641 esse,

8 673 10 734 r
90 649 179 734 quod
212 649 337 714 oriatur
372 653 405 712 et
440 649 594 732 intereat,
630 649 724 732 idque
760 648 865 714 solum
903 670 986 730 esse,
1017 649 1103 732 quod

8 735 10 762 '
54 759 222 820 ssemper
248 736 315 802 tale
344 737 399 821 sit,
426 737 521 821 quale
549 740 612 820 est3
645 735 739 802 ἰδέαν
767 737 911 820 appellat
939 737 1010 819 ille,
1040 757 1103 800 nos

92 823 263 910 speciem),
286 847 353 888 non
374 826 482 908 potuit
502 825 626 890 animus
650 826 731 889 haec
752 825 786 889 in
805 846 937 908 corpore
960 824 1102 890 inclusus

92 915 305 999 adgnoscere,
336 914 468 998 cognita
501 914 626 996 attulit;
659 935 697 976 ex
729 935 792 996 quo
824 916 892 976 tam
925 914 1102 977 multarum

91 1025 202 1070 rerum
226 1002 420 1086 cognitionis
444 1001 616 1067 admiratio
640 1001 777 1067 tollitur.
813 999 925 1084 Neque
947 1023 984 1066 ea
1006 1001 1103 1084 plane

92 1091 184 1155 videt
211 1090 349 1172 animus,
367 1111 450 1168 ,oum
473 1093 607 1172 repente
635 1089 670 1152 iu
693 1092 761 1154 tam
784 1089 950 1170 insolitum
974 1092 1103 1172 tamque

43 1207 76 1246 ro
92 1179 321 1262 perturbatum
344 1178 543 1242 domicilium
567 1177 768 1261 inmigravit,
792 1177 861 1261 sed,
886 1199 958 1244 cum
982 1198 1015 1241 re
1039 1178 1104 1242 col·

8 1283 10 1340 ζ
92 1267 177 1351 legit
195 1270 292 1349 atque
310 1267 481 1348 recreavit,
504 1270 574 1330 tum
594 1264 764 1350 adgnoscit
782 1265 840 1329 illa
861 1265 1103 1331 reminiscenda.

8 1355 10 1412 l
92 1355 147 1420 lta
169 1354 253 1418 nihil
275 1358 325 1418 est
349 1353 436 1418 aliud
458 1353 579 1418 discere
601 1353 666 1418 nisi
689 1353 858 1418 reeordari.
901 1353 972 1438 Ego
996 1357 1104 1424 autem
1123 1363 1156 1412 59

8 1447 10 1474 ³
92 1443 219 1508 maiore
238 1443 337 1508 etiam
356 1442 494 1527 quodam
513 1442 608 1507 modo
628 1442 818 1507 memoriam
839 1441 987 1506 admiror.
1020 1441 1104 1516 Quid

8 1549 10 1612 4
93 1535 146 1596 est
169 1531 255 1596 enim
278 1530 372 1614 illud,
395 1551 458 1613 quo
480 1530 698 1615 meminimus,
721 1532 778 1595 aut
800 1552 897 1614 quam
920 1529 1020 1594 habet
1037 1530 1105 1594 vim

8 1615 9 1622 '
46 1647 76 1684 1⁵
94 1623 154 1684 aut
176 1619 259 1684 unde
287 1619 420 1684 natam?
465 1617 541 1684 Non
569 1639 701 1702 quaero,
729 1623 864 1702 quanta·
878 1618 1035 1682 memoria
1058 1614 1112 1682 Si·v

8 1729 10 1784 ἢ
92 1706 242 1772 monides
264 1705 366 1771 fuisse
386 1705 523 1789 dicatur,
546 1710 667 1790 quanta
688 1705 900 1790 Theodectes,
923 1708 1045 1790 quanta
1066 1705 1105 1789 is,

8 1799 10 1866 ζ
78 1795 153 1880 'qui
176 1817 195 1858 a
216 1793 342 1878 Pyrrho
365 1794 493 1880 legatus
516 1794 557 1859 ad
579 1797 735 1860 senatum·
750 1797 799 1860 est
822 1794 953 1872 missus,
978 1791 1104 1876 Cineae,

8 1873 10 1892 '
93 1887 218 1967 quanta
248 1904 352 1965 nuper
389 1880 602 1966 Charmadas,
638 1885 772 1967 quanta,
809 1883 864 1966 qui
901 1881 997 1947 modo
1034 1881 1105 1964 fuit,

94 1971 246 2054 Scepsius
278 1970 496 2054 Metrodorus,
530 1975 651 2055 quanta
681 1974 792 2036 noster
823 1970 1031 2052 Hortensium
1067 1968 1105 2034 de

48 2088 78 2128 ao
94 2059 261 2139 communi
278 2059 445 2124 hominum
459 2059 615 2123 memoria
634 2060 756 2143 loquor,
775 2062 809 2123 et
821 2080 933 2123 eorum
948 2079 1105 2142 maxume,

8 2197 9 2228 ,
94 2149 152 2233 qui
170 2148 207 2211 in
225 2147 333 2231 aliquo
352 2147 475 2211 maiore
495 2145 602 2211 studio
622 2150 654 2212 et
673 2151 742 2212 arte
762 2151 946 2232 versantur,
969 2169 1105 2231 quorum

8 2237 10 2324 l
93 2240 218 2321 quanta
234 2237 337 2300 'mens
367 2234 423 2319 sit,
450 2235 582 2300 difficile
610 2241 661 2300 est
692 2236 900 2320 existimare,
922 2235 970 2300 ita
1002 2235 1105 2299 multa

8 2329 10 2382 l
94 2325 320 2388 meminerunt.
727 2355 729 2361 ·

164 2411 308 2488 Quorsus
331 2411 431 2496 igitur
453 2410 683 2495 haec·speetat
706 2411 834 2477 oratio?
874 2410 962 2487 Quae
986 2411 1028 2475 sit
1050 2410 1107 2474 illa

51 2529 79 2566 aa
95 2501 145 2564 vis
170 2504 203 2564 et
229 2499 313 2564 unde
341 2499 397 2583 sit,
423 2499 677 2584 intellegendum
704 2503 794 2583 puto.
843 2497 920 2564 Non
949 2501 1000 2562 est
1022 2501 1106 2562 certe

94 2609 156 2654 nec
183 2588 288 2652 cordis
315 2597 375 2652 n'ec
404 2588 569 2672 sanguinis
597 2609 655 2652 neo
679 2587 802 2652 cerebri
824 2608 883 2651 nec
910 2589 1106 2670 atomorum3

96 2677 226 2740 animae
255 2676 298 2740 sit
324 2675 467 2760 ignisne,
494 2677 618 2760 nescio,
645 2697 705 2740 neo
728 2697 779 2740 me
806 2675 920 2759 pudet,
953 2678 989 2739 ut
1016 2677 1107 2758 istos,

95 2765 194 2830 fateri
217 2765 355 2848 nescire,
378 2765 462 2848 quod
486 2767 644 2846 nesciam3
665 2763 761 2848 illud,
784 2764 813 2827 si
836 2764 903 2828 ulla
926 2763 992 2827 alia
1016 2763 1054 2827 de
1072 2784 1107 2827 re

97 2853 236 2918 obscura
263 2853 430 2918 adfirmare
456 2874 599 2936 possem,
627 2853 694 2918 sive
722 2851 831 2930 anima
860 2852 926 2916 sive
955 2851 1040 2935 ignis
1064 2851 1109 2914 sit

8 2957 9 3008 l
51 2939 83 3006 'ao
98 2941 239 3022 animus,
263 2961 335 3006 eum
358 2941 499 3005 iurarem
523 2945 592 3006 esse
616 2941 767 3006 divinum.
814 2939 898 3016 Quid
922 2939 1029 3004 enim?
1053 2939 1108 3004 ob·

8 3011 10 3126 l
98 3051 189 3096 secro
212 3033 259 3112 te,
281 3033 409 3092 terrane
428 3029 489 3114 tibi
512 3029 575 3095 hoc
593 3029 749 3094 nebuloso
768 3033 801 3093 et
819 3029 999 3114 caliginoso
1018 3027 1107 3092 caelo

8 3127 10 3198 l
98 3121 156 3182 aut
184 3121 256 3182 sata
284 3121 341 3182 aut
368 3120 517 3182 concreta
545 3118 673 3182 videtur
706 3121 798 3182 tauta
830 3117 880 3182 vis
912 3115 1108 3182 memoriae?

9 3223 10 3228 ’
98 3205 147 3289 Si,
175 3205 251 3289 quid
279 3206 321 3270 sit
347 3205 422 3288 hoo,
449 3227 517 3270 non
545 3207 649 3289 vides,
676 3209 723 3290 at,
751 3205 845 3289 quale
869 3205 925 3289 sit,
952 3204 1056 3284 vides3
1080 3203 1108 3266 si

97 3317 138 3358 ne
162 3293 197 3356 id
220 3293 362 3378 quidem,
385 3297 433 3377 at,
457 3296 612 3377 quantum
637 3294 692 3378 sit,
715 3294 860 3377 profecto
883 3293 982 3358 vides.
1024 3290 1107 3367 Quid
1127 3312 1161 3360 or

57 3409 85 3448 aa
99 3381 221 3468 igitur?
245 3385 352 3447 utrum
372 3383 584 3465 capacitatem
603 3381 744 3465 aliquam
767 3382 801 3447 in
825 3382 933 3447 animo
956 3383 1108 3464 putamus

99 3492 183 3555 esse,
209 3491 273 3554 quo
297 3473 463 3554 tamquam
491 3471 524 3534 in
549 3470 679 3555 aliquod
702 3493 759 3535 vas
784 3492 834 3552 ea,
858 3491 939 3554 quae
963 3466 1109 3532 memini·

99 3579 185 3642 mus,
207 3557 440 3624 infundantur?
486 3558 674 3623 Absurdum
696 3558 729 3623 id
753 3559 890 3643 quidem.
937 3556 999 3633 Qui
1023 3555 1109 3620 enim

1116 2381 1159 2505 a
