2564 3952
150 233 215 296 292
343 229 640 286 TUSCULANARUM
658 229 960 285 DISPUTATIONUM

149 395 282 462 liceret?
328 393 433 470 Quid?
460 393 565 457 nostri
592 392 777 476 philosophi
804 415 912 457 nonne
939 393 974 456 in
1001 394 1041 456 iis
1064 393 1164 457 libris

149 484 239 568 ipsis,
257 505 337 567 quos
353 482 497 547 scribunt
515 481 554 545 de
569 480 803 546 contemnenda
821 481 935 565 gloria,
953 503 1012 545 sua
1025 482 1165 546 nomina

97 586 131 634 35
151 571 353 638 inscribunt?
404 569 525 646 Quodsi
553 571 695 634 omnium
727 590 902 634 consensus
932 573 1066 634 naturae
1097 591 1164 634 vox

151 665 213 743 est,
237 681 424 744 omnesque,
446 658 502 742 qui
524 658 641 742 ubique
664 660 752 741 sunt,
777 658 983 722 consentiunt
1005 665 1076 722 ess‘e
1101 659 1164 721 ali-

151 749 241 834 quid,
264 749 349 833 quod
372 748 413 811 ad
436 769 490 811 eos
514 748 689 831 pertineat,
712 746 768 830 qui
786 746 855 810 vite
873 747 1040 831 cesserint,
1062 747 1162 811 nobis
1191 773 1205 810 s

152 859 278 922 quoque
309 837 395 901 idem
427 835 676 900 existimandum
707 838 770 918 est,
803 838 836 899 et
863 835 905 919 si,
938 856 1075 918 quorum
1104 841 1164 899 aut

150 927 281 1010 ingenio
310 929 367 990 aut
393 924 513 988 virtute
541 924 667 988 animus
695 922 837 1007 excellit,
870 944 924 987 eos
954 923 1162 1008 arbitramur,

151 1015 227 1098 quia
245 1016 362 1078 natura
381 1013 506 1096 optima
525 1011 598 1096 sint,
616 1033 744 1076 cernere
762 1016 900 1076 naturae
918 1012 984 1076 vim
1000 1033 1162 1094 maxume,

150 1103 342 1167 verisimile
362 1105 420 1184 est,
438 1123 510 1164 oum
529 1104 680 1184 optumus
702 1100 838 1184 quisque
856 1121 1004 1164 maxume
1023 1101 1162 1184 posteri·

150 1191 213 1254 tati
231 1191 361 1271 serviat,
380 1209 450 1252 esse
469 1188 602 1272 aliquid,
620 1189 709 1252 ouius
728 1188 755 1251 is
779 1191 855 1270 post
872 1192 1010 1253 mortem
1029 1209 1161 1253 sensum
1178 1217 1204 1253 ιο

152 1279 196 1340 sit
217 1277 397 1341 habiturua

99 1435 141 1498 16
217 1452 280 1518 Sed
309 1457 346 1518 ut
376 1453 452 1518 deos
487 1474 556 1516 esse
586 1457 704 1517 natura
741 1447 924 1537 opinamur,
957 1453 1160 1537 qualcs[que]

97 1513 131 1561 3⁶
151 1541 230 1625 sint,
247 1542 373 1607 ratione
393 1541 616 1626 cognoscimus
622 1591 631 1624 ,
654 1541 701 1605 sio
720 1562 910 1624 permanere
929 1542 1055 1606 animos
1075 1543 1162 1606 arbi-

150 1636 274 1694 tramur
298 1652 455 1696 consensu
476 1631 646 1695 nationum
669 1630 827 1713 omnium,
852 1651 917 1714 qua
938 1630 973 1693 in
996 1630 1072 1694 sedo
1094 1652 1163 1695 ma·

150 1724 249 1784 neant
271 1720 445 1804 qualesque
473 1719 552 1800 sint,
579 1719 704 1783 ratione
733 1717 921 1782 discendum
949 1721 1007 1782 est.
1058 1716 1161 1783 Cuius
1177 1746 1201 1784 15

150 1808 312 1892 ignoratio
344 1809 437 1872 linxit
468 1807 588 1871 inferos
622 1827 738 1890 easque
769 1805 973 1890 formidines,
1010 1827 1091 1892 quas
1124 1811 1163 1871 tu

151 1899 355 1960 contemnere
378 1918 444 1960 non
467 1896 536 1959 sine
555 1917 652 1960 causa
674 1894 833 1959 videbare.
868 1894 908 1959 In
930 1898 1050 1960 terram
1075 1897 1161 1960 enim

151 1983 338 2048 cadentibus
353 1983 541 2066 corporibus
561 1984 664 2066 iisque
682 1982 781 2048 humo
800 1983 902 2068 tectis,
921 2005 1017 2067 equo
1037 1981 1162 2048 dictum

152 2075 202 2135 est
224 2071 387 2155 humari,
411 2072 471 2135 sub
493 2075 580 2134 terra
603 2072 777 2136 censebant
798 2071 955 2155 reliquam
979 2072 1081 2135 vitam
1105 2072 1161 2158 agi
1267 2149 1268 2160 ἢ

151 2161 359 2222 mortuorum.
409 2158 513 2235 Quam
541 2179 653 2222 eorum
680 2160 866 2243 opinionem
892 2160 1004 2244 magni
1035 2181 1161 2225 errores
1177 2189 1203 2226 ro
1267 2191 1268 2220 l

98 2260 132 2307 37
152 2248 315 2324 consecuti
334 2251 421 2331 sunt,
445 2268 525 2331 quos
545 2251 702 2311 auxerunt
725 2252 848 2331 poetae.
884 2247 1048 2331 Frequens
1072 2249 1161 2314 enim
1213 2257 1235 2284 ⁶

152 2357 321 2400 consessus
349 2334 482 2419 theatri,
510 2335 545 2399 in
571 2357 635 2419 quo
664 2343 739 2400 sunt
766 2336 971 2401 mulierculae
996 2339 1030 2401 ct
1059 2338 1161 2421 pueri,

151 2428 300 2489 movetur
323 2423 454 2489 audiens
477 2428 546 2488 tam
570 2425 692 2508 grande
715 2445 858 2490 carmen:

218 2531 362 2613 rldsum
394 2552 508 2632 atque
546 2548 706 2614 advenio
739 2530 961 2612 Acherunte
997 2545 1059 2611 vix
1095 2549 1161 2612 via

711 2635 792 2700 alta
816 2640 929 2719 atque
954 2636 1071 2700 ardua

217 2722 289 2786 Per
316 2723 521 2806 speluncas
550 2724 654 2788 saxis
684 2727 854 2788 structas
879 2724 1042 2808 asperis,
1069 2745 1201 2808 pen-25

876 2811 1070 2896 de‘ntibuS,

218 2895 419 2982 Maxumis,
447 2900 512 2964 ubi
539 2899 665 2984 rigida
693 2902 849 2964 constat
873 2902 1004 2964 crassa
1032 2901 1159 2984 caligo

889 2987 1070 3072 inferum,

151 3129 342 3211 tantumque
371 3127 474 3192 valuit
504 3149 607 3210 error,
637 3128 692 3210 qui
721 3128 802 3192 mihi
832 3127 960 3213 quidem
983 3129 1055 3193 iam
1086 3128 1159 3192 sub·
1261 3173 1266 3216 ,

152 3214 238 3280 latus
258 3215 399 3296 videtur,
422 3219 470 3297 ut,
495 3237 630 3300 corpora
648 3221 790 3281 cremata
811 3237 882 3281 cum
902 3217 1029 3301 scirent,
1051 3220 1160 3280 tamen
1265 3217 1266 3232 ¹

153 3323 191 3365 ea
217 3302 287 3366 fieri
315 3304 400 3388 apud
426 3303 548 3368 inferos
571 3304 742 3388 fingerent,
772 3326 853 3389 quae
877 3305 947 3369 sine
970 3305 1158 3388 corporibus

151 3409 210 3452 nec
232 3391 301 3453 fieri
324 3395 457 3473 possent
478 3413 537 3455 neo
565 3390 718 3475 intellegi.
763 3393 900 3456 Animos
929 3393 1016 3456 eninr
1044 3413 1198 3476 persero

152 3477 241 3556 ipsos
260 3478 398 3542 viventis
424 3500 490 3543 non
512 3481 664 3560 poterant
686 3483 794 3543 mente
817 3479 998 3563 complecti,
1020 3479 1159 3545 formam

153 3562 294 3646 aliquam
321 3565 521 3652 figuramque
553 3565 760 3651 quaerebant.
812 3566 890 3631 Inde
922 3567 1056 3632 Homeri
1088 3572 1159 3634 tota
