2470 3962
388 144 598 222 55555555
621 165 770 224 casuros.
1048 169 1087 224 xi

65 328 137 394 cto.;
157 327 286 395 poteram
305 325 390 380 etiam
410 327 498 391 labat,
520 327 641 392 vacillat,
660 327 807 392 claudicat,
824 329 908 392 iacet;
927 328 1007 382 codd.
1026 327 1087 382 AV
1133 365 1135 367 -

66 399 189 463 lacerat,
207 397 231 450 B
245 397 348 452 lecerat.
364 427 398 436 -
412 396 445 452 P.
460 403 501 451 55.
517 403 551 453 27
578 397 690 452 Veraces
708 412 807 452 55555
824 413 878 452 5555
895 413 989 454 scasas
1006 400 1087 454 dicis

64 467 184 538 scripsi,
204 467 285 522 codd.
306 466 365 522 Ver.
380 483 437 522 555
456 469 505 522 551
518 483 582 522 scos
600 497 634 508 --
652 469 734 522 dicit
747 469 777 521 51
789 486 815 522 v.
831 474 865 524 28
878 467 904 521 Α
922 471 951 522 51
969 468 991 520 Β
1005 470 1086 525 tates

65 597 93 645 et
111 609 166 661 pro
186 591 279 656 tabes,
297 591 315 646 i.
331 607 368 658 5.,
388 593 484 659 credo,
503 545 598 657 15611,
612 591 674 646 add.
688 607 742 646 cer.
760 607 823 646 saus
837 622 870 631 -
885 593 953 646 dicit
973 595 1023 646 aut
1040 609 1087 648 cos

67 693 103 701 —
120 663 216 716 dicitis
230 691 263 701 -
277 663 388 717 latetis.
417 661 481 716 Vid.
495 679 523 731 p.
538 668 580 716 30.
595 667 629 716 35
643 666 682 716 est
694 663 816 717 maxima
833 663 1001 717 1555551155
1018 666 1086 718 ceri-

67 739 123 798 tas,
142 734 169 786 si
182 733 247 786 saai
260 736 325 786 saal
338 748 371 787 ac
384 734 509 788 55155155.
524 763 559 772 -
572 730 603 788 P.
618 739 660 787 66.
676 737 692 786 5
707 733 815 788 audies
829 733 858 786 51
871 739 981 798 apaeat
994 734 1084 802 codd,

66 804 197 857 audiret
226 811 253 857 51
270 808 394 871 operetur
417 819 432 858 5
450 801 558 857 Davisii
581 803 652 857 coni.
670 803 776 871 Halm,
796 802 951 871 qui‘ctiam
974 803 1086 858 Uticam

67 873 182 942 quidem
206 878 328 940 raperet
354 873 444 928 malit.
471 872 547 940 Vid,
576 889 646 942 quae
670 873 865 928 adnotavimus
891 874 928 928 ad
957 872 1086 942 Seyfferti

67 944 149 998 Lael.
169 961 196 1012 p.
217 947 269 997 454
288 945 317 998 51
333 943 407 998 infra
424 944 461 998 ad
478 962 505 1014 p.
525 951 584 999 184.
600 950 642 1000 23,
663 975 696 984 —-
714 943 746 999 P.
763 949 806 1000 66.
826 951 860 998 14
884 944 1024 1014 Quaedam
1041 960 1085 1000 5ο-

67 1017 161 1069 lacres
188 1015 296 1082 loupiac
320 1014 514 1082 respondentis
540 1030 599 1069 esse
625 1014 748 1068 arbitror
772 1015 810 1070 ad
832 1014 884 1068 1115
908 1015 948 1069 At
970 1016 1016 1068 ille
1038 1039 1085 1082 —;

68 1101 142 1154 ergo
161 1086 266 1154 puncto
285 1084 400 1139 distinxi
418 1085 491 1153 (fort.
510 1085 550 1138 At
567 1086 700 1154 quaedam
718 1087 771 1152 -).
792 1115 825 1125 -
843 1083 874 1138 P.
896 1091 938 1140 56.
958 1091 991 1140 21
1018 1087 1086 1141 deei-

68 1158 191 1210 derarit
209 1154 303 1208 Halm.
318 1156 432 1209 auctore
451 1155 580 1209 Christio.
596 1185 629 1195 -
643 1154 675 1210 Ρ.
689 1161 732 1212 56.
748 1161 783 1210 24
800 1157 868 1210 caci
886 1155 946 1210 cod.
960 1156 994 1224 A,
1012 1173 1087 1210 aava

68 1226 98 1294 (i.
121 1242 146 1280 5.
165 1227 243 1294 aava)
262 1224 301 1294 V,
319 1242 388 1280 aare
401 1223 436 1294 B,
455 1225 561 1291 Halm,
579 1224 652 1280 Bait.
667 1256 700 1266 -
714 1224 745 1280 P.
760 1231 803 1280 56.
818 1232 852 1280 27
869 1230 894 1281 15
912 1226 976 1280 add.
989 1227 1085 1281 Davis.

69 1325 106 1337 -
126 1294 159 1350 P.
179 1301 222 1350 66.
242 1301 276 1350 26
299 1295 363 1351 Sed
384 1297 452 1364 qaid
474 1313 520 1366 595
542 1297 620 1364 Era,
642 1296 715 1351 Bait.
735 1327 768 1336 -
787 1295 818 1353 P.
838 1302 880 1351 51.
899 1303 915 1350 2
936 1296 1029 1366 Quid?
1053 1315 1087 1351 ac

68 1383 149 1422 aaac
168 1367 276 1435 paidom
293 1397 327 1408 -
346 1365 491 1421 uideatur?
511 1366 618 1434 Daris,
641 1367 734 1421 Madv.
752 1365 783 1420 in
806 1367 849 1422 cd.
869 1365 914 1422 Or.
933 1366 960 1420 II
977 1385 1004 1436 p.
1025 1373 1085 1435 864,

69 1439 123 1506 qai
148 1437 244 1504 oodd.;
267 1437 349 1506 qaia,
373 1437 447 1506 quod
471 1436 641 1506 scripserunt
662 1437 754 1490 Halm.
780 1439 809 1492 51
830 1438 916 1506 Β511.,
939 1437 1006 1491 ferri
1029 1455 1084 1492 non

70 1510 170 1578 potest
183 1523 239 1562 uon
256 1509 316 1561 tam
329 1509 445 1577 propter
458 1507 637 1562 insolentiam
650 1508 812 1574 verborum,
832 1508 867 1561 de
882 1525 938 1576 qua
950 1525 976 1563 v.
991 1508 1084 1562 Madv.

71 1579 120 1634 fin.
140 1578 166 1632 V
191 1583 239 1632 200
254 1583 287 1632 56
308 1596 335 1647 p.
355 1585 420 1648 704,
446 1596 531 1646 quum
556 1595 591 1633 uo
615 1578 670 1633 hoo
696 1594 806 1646 quoque
832 1577 932 1644 dixisse
956 1577 1086 1633 videatur

71 1649 226 1718 Epicurus:
246 1647 305 1720 ‘Nc
323 1666 396 1702 nunc
416 1648 529 1717 quidem
546 1664 643 1702 555555
661 1648 775 1702 mentiri
794 1649 883 1717 puto’
900 1679 933 1689 —
947 1647 979 1702 P.
994 1654 1036 1703 57.
1051 1656 1085 1703 36

73 1721 198 1774 Stoicam
216 1720 304 1774 istac
317 1721 424 1788 paidem
438 1718 548 1788 scripsi,
568 1717 608 1772 St.
623 1724 669 1772 est
684 1719 791 1786 quidem
803 1719 893 1788 vulg,
912 1719 953 1774 St.
967 1721 1022 1773 sed
1040 1726 1087 1774 est

72 1790 183 1858 quidem
201 1789 282 1844 codd.
301 1790 326 1842 A
345 1791 375 1844 51
392 1789 428 1859 Β,
445 1792 532 1845 sedeas
546 1789 584 1856 V,
602 1793 641 1843 est
658 1790 733 1844 istad
752 1787 823 1843 coni.
841 1789 934 1845 Halm.
949 1819 983 1828 -
997 1787 1027 1840 P.
1043 1795 1085 1843 59.

73 1867 90 1914 9
104 1861 253 1916 sauciasse
266 1875 293 1914 55
307 1859 418 1930 scripsi,
433 1860 512 1916 codd.
521 1854 676 1927 55551555,
696 1859 762 1914 ‘ssd
776 1858 806 1914 in
818 1859 844 1912 V
858 1876 887 1914 re
900 1861 1086 1927 punctatum’,
1151 1859 1155 1867 '

73 1932 173 1986 Lamb.
201 1932 360 1996 somniasse,
386 1929 479 1985 Halm.
507 1933 525 1997 1
552 1931 701 1996 saucaiare,
727 1928 800 1984 Bait.
829 1947 863 1984 cx
885 1929 990 1983 Halmii
1016 1930 1086 1986 coni.

72 2004 183 2056 samaia
199 2018 252 2056 saa
269 2002 330 2056 cisa
343 2005 454 2069 patore.
473 2029 507 2040 -
525 1999 556 2056 P.
576 2005 619 2054 69.
638 2001 829 2055 2955551511
852 1999 923 2054 coni.
947 1999 1039 2054 Halm.
1059 2003 1088 2054 51

73 2072 184 2142 recepit
206 2071 293 2138 Bait,
318 2071 394 2126 huod
416 2071 474 2126 scio
498 2086 535 2125 55
557 2072 641 2126 recto.
661 2101 694 2110 -
713 2069 744 2128 P.
765 2077 807 2125 69.
829 2077 862 2124 22
882 2076 907 2125 51
924 2071 978 2125 ista
997 2071 1087 2139 codd,

73 2145 158 2198 151555
177 2142 255 2207 edd.;
274 2141 309 2196 cf.
327 2160 354 2211 p.
369 2147 429 2198 345.
447 2147 487 2196 14.
503 2172 537 2182 -
550 2141 581 2196 P.
596 2147 639 2196 60.
654 2147 668 2196 7
687 2141 838 2206 Iacedaat,
856 2142 986 2196 iacedaat
999 2141 1086 2210 vulg,
1106 2201 1111 2212 ,

73 2214 182 2282 Halm,
209 2212 281 2268 Bait.
301 2241 335 2252 -
353 2211 384 2267 P.
405 2217 446 2266 60.
466 2217 500 2266 32
520 2229 561 2279 sq.
580 2212 747 2266 dialecticas
775 2210 880 2266 delevit
902 2214 932 2266 ct
952 2229 980 2280 p.
1004 2217 1046 2266 61.
1071 2218 1091 2282 2Ι

73 2285 162 2338 illam
181 2281 293 2352 scripsit
309 2282 381 2338 Bait.
402 2281 569 2352 Pluygersio
593 2283 715 2338 auctore.
735 2312 768 2321 -
786 2281 818 2338 P.
838 2288 880 2354 61.
896 2288 912 2335 3
927 2297 986 2350 sqq.
1012 2281 1087 2351 aaa

74 2354 232 2414 coniectatio
255 2383 291 2394 -
312 2355 380 2423 qaid
402 2357 546 2421 sepapaet,
569 2353 676 2408 sidaec
694 2383 728 2393 -
746 2352 830 2407 aliter
853 2351 966 2407 distinxi
985 2367 1018 2406 55
1044 2368 1087 2406 55-

73 2425 147 2479 lent:
166 2440 236 2492 qaae
255 2422 457 2493 --555595512
486 2422 520 2478 Si
538 2453 571 2462 -
590 2424 640 2476 551
657 2429 796 2492 reparat.
833 2423 867 2477 Si
884 2453 926 2478 -.
945 2421 976 2474 P.
995 2427 1038 2476 61.
1053 2427 1087 2476 28

73 2496 111 2548 iis
134 2493 194 2561 Or,
221 2495 264 2548 leis
286 2494 380 2562 codd,
404 2493 509 2561 Halm,
538 2493 611 2547 Bait.
640 2523 673 2533 -
702 2491 734 2547 P.
758 2499 799 2548 62.
822 2499 837 2547 7
861 2494 898 2547 ia
924 2494 1089 2548 inlustribus

74 2563 148 2618 Bait.
167 2563 364 2633 probabiliter,
384 2565 434 2618 sed
447 2564 482 2618 cf.
496 2581 523 2632 p.
539 2569 599 2618 295.
616 2570 658 2618 28.
674 2594 709 2604 -
722 2563 754 2619 P.
775 2567 866 2619 6215
885 2564 1023 2633 55955515·
1040 2580 1088 2618 aec

74 2634 239 2690 eaiaaeadi
256 2635 350 2704 codd,
369 2636 508 2703 aspectis
526 2649 574 2688 aec
593 2635 755 2688 laicacalis
772 2633 865 2688 Halm.
885 2665 918 2674 —
937 2633 968 2690 P.
989 2639 1031 2688 62.
1054 2641 1086 2690 19

74 2710 171 2760 austra
193 2722 232 2760 aa
253 2712 342 2760 cestra
365 2703 481 2774 Christ,
502 2703 575 2759 Bait.
595 2735 628 2744 -
646 2703 678 2759 P.
698 2711 740 2760 63.
762 2711 794 2759 18
817 2706 929 2760 videant
950 2705 1088 2773 (uidebant

75 2777 111 2843 A)
130 2775 228 2841 codd..
251 2777 397 2832 adhibeant
414 2775 521 2844 Halm,
540 2775 641 2830 adeaat
658 2775 734 2845 vulg.
772 2775 853 2841 Quod
875 2775 905 2828 in
929 2775 1012 2829 rebus
1032 2773 1088 2828 dici

76 2845 161 2912 55151,
184 2847 274 2901 cidere
296 2847 403 2916 aliqaid
424 2863 476 2916 pro
502 2844 705 2914 circumspicere
728 2845 838 2912 (Horta,
863 2845 939 2900 vind.
963 2844 1034 2902 Gall.
1060 2844 1086 2899 II

75 2935 102 2985 p.
122 2920 182 2985 75),
201 2916 277 2971 idem
294 2915 342 2972 hic
359 2917 452 2972 155555
470 2916 639 2971 translatum
657 2915 687 2970 in
704 2916 846 2971 hominem
865 2916 984 2970 videtur.
1003 2945 1038 2956 -
1055 2913 1087 2969 P.

76 2993 118 3042 64.
139 2993 154 3041 7
174 3003 212 3042 ea
229 3003 261 3041 55
279 2987 389 3056 scripsi,
407 3003 461 3042 5555
479 2987 573 3054 codd,
592 2987 667 3055 quod
685 2986 719 3041 de
739 2985 852 3042 Christii
871 2985 1010 3040 sententia
1029 3003 1087 3038 sus-

74 3057 202 3111 tulerunt
226 3057 317 3111 Halm.
341 3060 370 3112 ct
394 3057 467 3112 Bait.
487 3088 520 3097 -
538 3056 571 3112 P.
589 3063 631 3114 64.
651 3063 686 3112 26
710 3075 750 3126 sq.
774 3061 962 3126 consequatur
983 3056 1088 3110 Halmii

75 3128 236 3182 coniectura
262 3145 328 3183 usus
357 3127 430 3182 Bait.
454 3158 487 3168 —
511 3126 542 3184 P.
566 3133 608 3184 65.
634 3133 649 3183 7
673 3129 702 3184 ei
723 3127 849 3182 uideatur
871 3127 982 3193 Lamb.,
1006 3126 1087 3191 Bait,

74 3198 152 3252 haud
170 3198 229 3252 scio
248 3215 285 3252 an
302 3200 386 3253 recte.
406 3227 439 3238 —
457 3196 489 3254 P.
509 3203 550 3254 65.
566 3204 600 3253 36
618 3199 661 3254 ila
678 3215 729 3268 pro
748 3199 803 3252 ista
821 3196 894 3254 Bait.
913 3196 1029 3264 invitus,
1056 3199 1088 3250 51

75 3269 195 3325 videtur.
215 3298 249 3308 -
266 3266 298 3323 P.
318 3275 361 3324 66.
382 3275 396 3323 1
418 3270 483 3324 haec
505 3269 604 3338 codd,
626 3269 675 3322 hoc
701 3267 877 3323 scribendum
896 3283 956 3323 esse
974 3266 1088 3321 Halmio

75 3342 104 3394 51
121 3337 237 3393 Baitero
259 3339 398 3409 persuasit
417 3338 517 3394 Christ.
536 3339 600 3394 Vid.
618 3339 664 3392 vel
687 3356 713 3408 p.
734 3343 775 3394 62.
790 3344 839 3407 22,
858 3343 900 3392 75.
920 3344 967 3404 23,
988 3343 1087 3404 7622,

75 3414 117 3465 80.
136 3415 172 3464 23
191 3426 265 3477 sqq„
285 3415 343 3465 103.
366 3415 413 3478 30,
432 3415 491 3465 280.
512 3415 559 3478 tt,
582 3413 641 3464 290.
662 3413 710 3478 29,
729 3415 789 3464 317.
809 3415 839 3475 2,
863 3407 956 3462 Madv.
976 3407 1013 3463 ad
1030 3411 1088 3462 551.

74 3480 151 3534 deor.
170 3479 185 3534 1
209 3483 234 3534 8.
253 3485 287 3534 20
310 3485 417 3549 pilli.
437 3485 469 3532 21
494 3480 537 3533 ed.
557 3479 602 3534 Or.
617 3479 655 3545 Π,
675 3479 858 3557 Schoamann.
882 3477 918 3532 ad
941 3477 981 3533 ΙΙΙ
1003 3484 1090 3545 7.17,
