2470 3962
368 189 580 250 ADNOTATIO
600 188 751 244 CRITICA.
981 189 1071 244 XXIX

53 353 116 402 tum
133 348 232 402 303003
254 346 327 402 Bait.
352 377 387 388 -
409 348 439 401 P.
459 354 519 403 363.
541 353 574 402 16
592 363 661 416 quae
678 347 785 416 quidem
809 347 888 402 codd
907 349 963 403 det.
984 351 1020 417 et,
1039 351 1071 402 ut

55 419 182 484 videtur,
201 419 234 485 E,
252 435 303 487 que
321 423 373 487 qui
387 419 418 486 B,
437 436 506 486 quae
524 418 665 499 [quidem]
678 418 781 484 Madv.,
800 421 908 486 quidem
926 419 980 472 del.
995 419 1069 473 Bait.

53 519 95 528 -
108 488 138 543 P.
153 495 213 543 369.
228 495 263 543 33
278 490 343 543 3000
356 505 406 557 pro
420 490 469 543 hoc
482 489 555 542 Ba1t.
569 489 647 542 tacit.
662 520 698 528 -
711 489 742 542 P.
753 494 813 543 363.
824 494 858 542 33
872 491 928 543 siut
942 489 1013 544 Bait.
1025 487 1068 546 ed.

55 559 127 612 min.
149 560 182 612 V.
198 560 235 612 ad
248 577 276 627 p.
293 566 351 615 106.
367 565 409 613 35.
423 591 458 598 -
471 559 501 612 P.
516 565 577 613 369.
592 565 626 613 30
645 560 770 613 accessit
788 559 895 628 scripsi,
915 562 1071 615 accesserit

55 629 141 683 codd.
156 631 185 682 et
198 631 293 698 editt.;
307 629 378 698 cip.
389 635 448 684 333.
464 635 507 695 33,
521 635 582 684 316.
598 635 640 683 30.
655 661 690 669 -
704 629 734 682 Ρ.
749 635 808 683 363.
824 635 857 682 31
872 631 959 699 iqitur
973 631 1071 701 scripsi

55 702 143 768 (ital)
161 705 185 754 ei
199 700 289 768 codd,
307 705 365 766 †ei
378 699 469 754 Madv.
486 702 515 754 et
532 700 603 754 Bait.
624 701 667 755 ed.
685 699 745 769 On,
764 715 825 768 erqo
840 700 882 754 ed.
898 701 1021 755 Tauchn.
1038 733 1070 740 -

56 770 93 822 P.
108 776 166 824 330.
180 776 214 824 33
242 787 296 825 esse
318 773 439 839 positam
461 770 534 825 Bait.
553 802 589 810 -
606 768 635 824 P.
649 775 715 824 331.
735 776 752 824 4
775 775 832 825 tam
853 771 990 825 docuerim
1014 771 1069 825 det.

57 841 151 905 codd,
168 841 271 908 Madv„
290 846 346 896 tam
362 857 415 894 om.
430 839 495 910 BE,
514 858 574 896 cum
588 841 724 910 docuerim
739 872 772 880 -·
786 857 842 895 uou
856 843 961 910 maqis
975 843 1072 896 tubere

57 911 135 965 Bait.
154 941 188 950 -
206 912 237 965 P.
252 917 312 966 333.
328 917 343 966 3
362 928 489 980 quaerere
502 914 628 966 uolumus
645 910 756 980 scripsi,
776 928 963 980 quaereremus
981 912 1071 979 codd,

57 998 120 1035 moa
140 999 296 1051 quaeremus
318 983 402 1047 Dav.,
423 982 529 1049 Mada,
552 981 624 1036 Bait.
649 1013 683 1022 -
706 982 737 1038 P.
760 988 820 1036 333.
845 988 877 1036 31
902 984 959 1037 siut
981 982 1071 1049 codd,

57 1053 167 1120 Mada,
194 1059 261 1107 suut
287 1051 354 1120 alii,
384 1053 474 1120 Bait.;
505 1053 539 1106 cf.
568 1053 605 1106 ad
632 1071 658 1122 p.
688 1059 731 1107 68.
759 1058 800 1108 14.
829 1083 864 1092 -
891 1053 920 1108 P.
950 1059 1008 1107 333.
1038 1059 1071 1108 33

55 1124 154 1206 potiere
170 1140 253 1192 quam
271 1123 383 1191 aliquod
400 1123 511 1203 Lama,
530 1122 617 1203 Bait,
636 1139 717 1204 quum
736 1123 844 1191 aliquid
857 1125 993 1204 §aliquam
1009 1122 1071 1192 ΒΕ)

55 1193 1072 1334 3333311331313333033331333333

60 1337 186 1403 poneret.
226 1335 352 1400 (Audebo
376 1335 448 1389 boma
471 1335 621 1404 appellare)
642 1351 690 1390 uec
707 1335 842 1401 fraudare
864 1341 948 1390 uetere
964 1338 1073 1390 momine

56 1407 153 1473 potius
180 1421 262 1474 quam
289 1420 389 1459 uocum
416 1406 555 1474 ecquirere
581 1406 657 1459 recte
685 1408 715 1458 et
739 1404 842 1458 usitate
867 1405 924 1460 dici
945 1423 997 1475 pro
1024 1423 1073 1460 mec

44 1492 161 1529 mosum
182 1491 279 1530 nonum
301 1476 453 1544 exquirere,
480 1477 526 1529 sed
549 1477 644 1544 potius
670 1481 754 1529 uetere
777 1491 834 1530 uou
859 1476 995 1542 fraudare
1016 1493 1073 1530 non

63 1563 134 1616 opus
155 1546 298 1600 videretur
321 1561 552 1614 commemorare,
575 1546 630 1600 nisi
653 1547 682 1600 et
704 1545 827 1616 Madvig.
848 1549 994 1615 potiusque
1016 1563 1073 1602 uem

60 1617 195 1682 fraudare
213 1616 363 1671 dicendum
381 1615 466 1670 fuisse
493 1617 600 1670 diceret
618 1618 648 1670 03
665 1617 791 1670 Handius
810 1615 889 1670 Tuis.
908 1617 947 1672 IV
964 1635 992 1686 p.
1012 1623 1071 1672 515.

64 1693 79 1740 3
98 1689 213 1757 negaret
230 1686 440 1756 imperitissime
460 1703 628 1755 quemquam
641 1701 774 1768 amquam
788 1686 890 1740 dixisse
907 1703 964 1741 moa
978 1691 1074 1756 potius

61 1757 612 1896 ἐξ.,11110131θο11113136οῗἲί
628 1756 1073 1896 113113ἓῗ100111Ἰῖ111102ὲὲ

63 1901 137 1966 ete).
156 1931 188 1938 -
207 1897 239 1952 P.
255 1904 315 1953 334.
331 1906 347 1952 6
362 1901 394 1952 iu
406 1916 485 1953 amre
499 1898 618 1966 Victor,
637 1897 711 1953 Bait.
726 1899 770 1952 ed.
785 1897 923 1965 lancha,
944 1915 998 1966 quo
1017 1916 1074 1954 non

63 1986 134 2038 opus
151 1969 263 2024 videtur
287 1985 360 2038 esse,
383 1985 552 2037 quamquam
573 1969 711 2040 Madvigii
733 1968 994 2038 interpretationem
1017 1987 1073 2025 non

62 2039 177 2108 accipio.
218 2040 251 2094 In
273 2040 345 2092 mari
368 2039 508 2094 abiectum
531 2040 645 2094 anulum
670 2056 752 2095 nemo
778 2056 835 2094 non
857 2039 999 2110 intellegit
1025 2041 1073 2096 ab·

63 2109 166 2164 iectum
188 2125 249 2164 esse
272 2111 301 2164 in
324 2127 402 2164 mare
425 2115 464 2181 (p.
478 2116 537 2166 311.
555 2118 569 2164 1
588 2108 737 2164 ridiculum
761 2112 835 2164 esset
854 2111 886 2163 im
903 2113 994 2177 mari).
1031 2112 1072 2166 of.

62 2181 173 2234 Mnnck.
196 2180 277 2250 Pulg.
300 2181 388 2250 myth.
411 2181 425 2234 Ι
447 2188 477 2249 3,
501 2181 562 2236 Val.
582 2180 654 2234 Max.
672 2181 712 2234 111
735 2186 752 2234 3
771 2183 825 2234 ext.
845 2187 861 2234 3
886 2182 999 2236 obscuro
1017 2183 1074 2237 ioco

65 2253 181 2305 abiectus
208 2251 258 2319 (IX
281 2257 297 2305 6
322 2253 375 2305 ert.
400 2257 416 2305 3
440 2253 473 2306 iu
493 2251 805 2320 profuudoputeorum
830 2252 972 2306 abiciendo
997 2254 1073 2306 recto

64 2321 241 2375 emendatum
267 2322 381 2376 videtur
402 2323 435 2376 ia
454 2323 714 2392 profundumm]
740 2323 772 2375 iu
795 2321 974 2390 profrmda),
1002 2323 1073 2391 Nep.

64 2391 154 2446 XXIII
168 2401 191 2448 9.
206 2399 222 2446 3
238 2408 280 2447 ex.
295 2397 402 2447 statuae
415 2394 446 2446 im
455 2394 606 2462 propatulo
620 2393 695 2448 domi
708 2393 801 2458 abicit,
814 2391 935 2446 Phaedr.
950 2391 990 2445 IV
999 2398 1023 2447 3.
1040 2400 1073 2447 13

65 2463 174 2516 obscuro
196 2465 253 2518 ioco
277 2463 385 2517 Abiecit
407 2465 585 2534 ueqleqeater‚
609 2463 671 2518 Sen.
696 2479 738 2532 ep.
761 2469 803 2515 94.
823 2469 857 2516 36
879 2463 928 2516 sub
955 2463 1074 2518 alicuius

63 2533 169 2587 arboris
192 2535 312 2588 rusticae
332 2535 468 2602 proiectae
489 2535 600 2600 unibru,
623 2549 658 2587 ne
682 2532 886 2602 Capitolinum,
911 2531 1074 2588 ,10101100-

65 2605 207 2673 quentem,
225 2603 405 2658 Lactantium
424 2607 476 2658 030.
496 2619 719 2658 commemorem.
748 2603 788 2655 Ia
805 2619 880 2658 mure
898 2605 950 2657 030.
970 2604 1075 2658 abicere

67 2675 94 2724 03
109 2675 230 2742 proicere
248 2673 347 2729 solitos
371 2691 430 2729 esse
453 2673 545 2730 dicero
563 2673 678 2728 Latinos
700 2673 791 2726 multa
816 2674 919 2728 docent
937 2675 1074 2744 exempla,

67 2743 152 2811 velut,
177 2747 210 2798 03
226 2761 283 2800 uno
302 2747 415 2800 auctore
438 2747 514 2811 utar,
541 2744 604 2799 Val.
628 2745 700 2800 Max.
723 2745 737 2798 Ι
762 2751 784 2797 1.
806 2750 851 2812 13,
875 2743 914 2798 111
937 2752 951 2798 1
975 2749 1028 2799 ext.
1050 2752 1073 2812 1,

66 2812 135 2868 113
155 2818 207 2869 ext.
224 2821 240 2869 t
259 2816 386 2899 (anulum
404 2817 435 2870 ia
451 2815 623 2884 profmudum
641 2816 675 2869 de
695 2815 866 2884 Polycrate),
889 2813 916 2868 Π
935 2821 977 2871 10.
997 2819 1074 2897 6.(30

67 2884 832 3037 3333113333333311.,3030311331
853 2886 1072 3023 33333331]

69 3025 335 3163 11011110νωῖ1λὲ
345 3026 759 3164 10011111ῗυ101310811111ῗ
765 3027 1073 3162 ildeeidaxmddlvsq-

68 3161 95 3216 Ρ.
110 3171 167 3221 335.
183 3175 199 3222 6
217 3167 373 3238 Epicureus
392 3167 499 3236 Mada,
518 3167 661 3235 Epicurus
675 3167 755 3222 codd.
770 3165 840 3235 ΒΕ,
858 3167 981 3236 Epicuri
996 3167 1072 3236 vulg.

72 3261 100 3272 -
117 3234 146 3289 P.
167 3244 227 3292 335.
248 3245 281 3292 16
310 3255 364 3293 esse
387 3239 477 3292 beatos
499 3237 580 3292 codd.
603 3237 673 3304 ΒΕ,
696 3237 802 3304 Mada,
825 3239 915 3292 tectos
937 3253 991 3292 esse
1016 3237 1072 3290 det.

72 3305 155 3375 codd,
173 3307 246 3363 Bait.
267 3338 300 3346 -
318 3307 350 3362 P.
365 3314 425 3363 335.
441 3315 475 3363 38
493 3309 563 3375 {uit
581 3311 670 3362 oratio
687 3307 795 3377 Madv„
820 3306 893 3361 Bait.
913 3338 946 3346 -
964 3306 996 3359 P.
1012 3312 1072 3362 336.

71 3378 100 3426 31
123 3377 224 3448 [cerdis
246 3379 337 3450 aptr'c]
359 3379 433 3433 Bait.
459 3377 655 3432 ‘manifestum
678 3378 818 3449 glossema
844 3377 882 3431 ad
908 3376 1073 3432 adverbium

72 3444 157 3508 Plam'
183 3451 272 3518 recte,
295 3452 328 3504 ut
350 3449 463 3518 opinor,
483 3449 653 3504 existimans.
690 3447 813 3516 Madvig.
836 3446 953 3515 ‘mire',
971 3447 1072 3515 inquit,

73 3511 137 3570 ‘illis
157 3523 275 3590 primum
302 3537 354 3590 per
377 3536 406 3574 se
429 3519 502 3574 nude
525 3518 637 3589 positis:
665 3519 828 3573 dictasunt
855 3535 874 3572 0
897 3522 923 3570 30
952 3532 1002 3586 per
1025 3534 1073 3572 uec
