2552 3966
348 175 415 232 um.
435 176 468 229 Π.
498 174 576 232 CAP.
596 181 644 242 47,
663 180 705 229 rs.
733 179 915 242 erra-us.
1105 175 1147 240 85

133 339 173 404 ad
197 342 297 422 artes,
321 338 368 403 sic
391 357 451 424 ego
474 319 559 403 nunc
581 337 644 402 tibi
666 338 770 403 refero
794 342 897 403 artem
921 339 989 405 sine
1012 339 1147 404 scientia

132 449 202 492 esse
226 448 295 493 non
317 447 423 511 posse.
453 424 508 492 An
531 429 697 511 pateretur
718 426 781 492 hoc
800 425 916 491 Zeuxis
940 429 997 491 aut
1014 426 1146 492 Phidias

133 520 191 580 aut
218 514 417 600 Polyclitus,
443 513 528 580 nihil
550 537 585 580 se
609 514 705 598 scire,
731 537 805 580 cum
826 515 925 580 iniis
948 518 1033 579 esset
1054 517 1148 580 tanta

133 603 305 669 sollertia?
350 602 474 680 Quodsi
506 624 562 669 eos
594 602 757 669 docuisset
788 603 919 687 aliquis,
949 624 1047 687 quam
1079 604 1147 668 vim

105 693 255 758 shabere
279 691 439 757 diceretur
461 691 612 774 scientia,
641 691 823 756 desinerent
848 692 958 776 nasci3
988 711 1030 755 ne
1052 691 1147 756 nobis

134 780 267 866 quidem
293 783 528 864 suscenserent,
559 800 631 846 cum
659 779 846 845 didicissent
876 780 911 844 id
940 779 1056 844 tollere
1078 800 1147 863 nos,

133 869 221 954 quod
253 890 415 952 nusquam
447 871 546 951 essct,
577 867 663 952 quod
694 871 803 934 autem
833 869 911 934 satis
939 871 1026 933 esset
1057 867 1147 952 ipsis,

132 957 325 1042 relinquere.
359 954 463 1032 Quam
485 956 646 1022 rationem
669 955 828 1022 maiorum
844 958 943 1021 etiam
957 955 1149 1039 comprobat

133 1045 315 1130 diligentia,
339 1043 393 1129 qui
416 1045 559 1128 primum
581 1045 686 1109 iurare
701 1042 752 1108 ‘ex
775 1045 824 1110 sui
847 1045 946 1110 animi
969 1044 1146 1109 sententia'

91 1160 119 1200 ιο
133 1155 295 1219 quemque
308 1133 489 1215 voluerunt,
507 1132 621 1198 deinde
635 1132 806 1212 detonari,
821 1132 861 1198 ‘si
876 1133 980 1231 effus
997 1131 1147 1216 falleret,’

132 1221 223 1308 quod
254 1221 425 1286 inscientia
456 1220 560 1286 multa
589 1224 772 1286 versaretur
803 1221 839 1286 in
865 1222 946 1305 vito3
977 1225 1061 1305 tum,
1092 1222 1148 1304 qui

131 1309 360 1376 testimonium
387 1306 521 1392 diceret,
553 1312 591 1374 ut
613 1308 796 1374 ‘arbitrari'
820 1330 854 1375 se
883 1310 1016 1394 diceret,
1047 1311 1148 1375 etiam

132 1399 221 1482 quod
244 1399 314 1482 ipse
328 1397 473 1482 vidisset,
496 1418 641 1482 quaeque
654 1398 753 1462 iurati
775 1397 1148 1484 iudicescognovissent,

131 1491 172 1552 ut
195 1508 234 1551 ea
255 1507 323 1552 non
345 1506 416 1551 esse
438 1485 535 1570 facta,
566 1486 622 1550 sed
644 1491 682 1551 ut
704 1484 828 1550 ‘videri'
851 1487 1147 1570 pronuntiarentur.

90 1600 117 1642 15
200 1573 326 1640 Verum
349 1573 503 1658 qnoniam
524 1596 590 1639 non
614 1574 719 1639 solum
741 1577 842 1640 nauta
871 1575 1043 1660 significat,
1068 1575 1124 1639 sed
1149 1556 1198 1682 1443,

1 1729 2 1732 ,
133 1664 234 1728 etiam
244 1661 407 1728 Favonius
420 1663 491 1747 ipse
505 1662 690 1728 insusurrat
698 1662 875 1748 navigandi
887 1663 992 1748 nobis,
1005 1661 1146 1746 Luculle,

133 1755 265 1835 tempus
289 1772 374 1833 esse,
407 1755 440 1815 et
463 1750 616 1836 quoniam
639 1749 719 1814 satis
749 1750 851 1815 multa
882 1750 963 1834 dixi,
993 1754 1044 1814 est
1065 1751 1147 1815 mihi

132 1839 360 1924 perorandum.
414 1838 555 1904 Posthac
572 1842 698 1904 tamen
730 1859 803 1903 cum
834 1838 914 1903 haec
946 1860 1147 1923 quaeremus,

53 1971 56 1976 -
133 1928 246 2012 potius
279 1927 317 1991 de
354 1927 609 1993 dissensionibus
642 1927 743 1992 tantis
776 1948 976 1993 summorum
1005 1927 1147 1992 virorum
1231 1991 1234 2000 ,

91 2043 120 2083 so
136 2017 349 2098 disseramus,
380 2016 419 2080 do
443 2015 641 2080 obscuritate
658 2019 803 2081 naturae
836 2016 938 2100 deque
961 2037 1068 2081 errore
1096 2020 1147 2082 tot

133 2104 413 2189 philosophorum,
436 2105 492 2188 qui
514 2103 553 2168 de
575 2104 672 2174 bonis
685 2104 917 2189 contrariisque
941 2104 1037 2170 rebus
1053 2107 1146 2170 tanto

135 2215 233 2277 opere
257 2193 456 2276 discrepant,
486 2195 536 2272 ut,
568 2213 640 2258 cum
670 2193 742 2276 plus
766 2215 829 2258 uno
853 2214 965 2258 verum
988 2215 1148 2259 essenon

134 2281 255 2366 possit,
287 2280 390 2346 iacere
413 2301 542 2345 necesse
565 2281 609 2344 sit
634 2283 777 2345 tottam
798 2281 926 2348 nobiles
949 2281 1148 2366 disciplinas,

135 2391 233 2454 quam
256 2369 295 2433 de
323 2369 489 2434 cordorum
517 2390 729 2454 sensuumque
752 2370 949 2454 reliquorum
971 2370 1146 2435 mendaciis

92 2483 121 2525 rs
136 2461 170 2522 et
193 2458 232 2522 de
256 2457 355 2522 sorite
378 2460 436 2522 aut
456 2457 684 2541 pseudomeno,
707 2479 787 2541 quas
809 2458 924 2542 plagas
946 2457 1011 2541 ipsi
1034 2461 1147 2522 contra

136 2567 171 2632 sc
204 2544 305 2611 Stoici
335 2549 516 2612 texuerunt.
561 2544 645 2610 Tum
667 2544 834 2610 Lucullus:
879 2544 958 2611 Non
979 2544 1198 2629 molestans

135 2634 258 2719 inquit,
288 2633 358 2700 iero
381 2655 441 2700 nos
470 2633 551 2700 haec
574 2633 757 2698 contulisse.
803 2631 936 2718 Saepius
960 2633 1048 2699 enim
1070 2657 1146 2700 con·

136 2723 319 2807 gradientes
341 2743 416 2807 nos,
439 2726 472 2787 et
494 2744 644 2787 maxume
673 2722 708 2786 in
731 2721 922 2788 Tusculanis
950 2723 1084 2809 nostris,
1118 2725 1146 2788 si
1207 2773 1212 2790 .

136 2832 218 2912 quac
245 2810 451 2894 videbuntur,
469 2811 692 2913 requiremus.
736 2809 890 2895 Optume,
912 2812 1057 2897 inquam3
1090 2813 1146 2878 sed

94 2927 122 2967 ³⁰
135 2895 1146 3074 attitttttssntdptttttttlzidttttt

136 3075 266 3160 quidem
288 3075 344 3140 ille
368 3074 587 3141 Carneadeam
611 3096 680 3142 esse
704 3074 839 3156 dicebat,
861 3079 899 3141 ut
921 3077 1044 3161 percipi
1061 3075 1147 3141 nihil

134 3167 247 3248 putem
269 3185 374 3248 posse,
403 3164 614 3230 adsensurum
638 3167 746 3229 autem
768 3186 835 3236 nou
857 3168 1017 3248 percepto,
1040 3164 1074 3229 id
1097 3169 1148 3230 est

71 3302 78 3314 .
136 3252 345 3334 opinaturum
359 3253 537 3336 sapientem
551 3253 752 3337 existumem,
775 3253 830 3318 sed
848 3253 903 3336 ita,
921 3256 959 3318 ut
976 3251 1149 3338 intellegat

95 3367 122 3409 ss
136 3360 171 3406 se
195 3340 322 3423 opinari
354 3341 497 3425 sciatque
524 3339 608 3405 nihil
635 3361 718 3426 esse,
750 3342 835 3425 quod
863 3340 1090 3424 comprehendi
1114 3346 1147 3406 et

134 3429 258 3511 percipi
289 3428 403 3512 possit.
446 3428 554 3505 Quare
586 3424 708 3512 ἐποχὴν
740 3428 830 3493 illam
861 3429 1005 3494 omnium
1037 3451 1146 3495 rerum

134 3515 325 3600 improbans
347 3516 397 3580 illi
421 3516 515 3582 alteri
539 3517 733 3599 sententiae,
754 3516 838 3582 nihil
862 3538 945 3602 esse,
969 3517 1055 3601 quod
1077 3538 1146 3602 per-
