2502 3960
318 198 389 253 Lm.
408 199 442 254 11.
471 197 546 252 CAP.
568 204 615 266 ιο,
634 205 676 254 11.
704 203 860 264 scr-ao.
1055 199 1097 264 37

16 373 18 440 ᾖ
91 360 197 444 videri,
216 365 325 426 cetera
345 363 454 426 autem
472 361 654 444 concedere,
675 360 800 426 faciunt
818 361 994 446 pueriliter.
1027 361 1098 439 Quo

16 443 18 514 Ξ
91 450 170 513 enim
210 449 322 514 omnia
359 447 555 532 iudicantur,
587 450 715 516 sublato
748 451 872 534 reliqua
906 472 940 515 se
975 455 1098 536 negent

89 538 211 621 tollere3
234 542 287 622 ut,
320 538 350 602 si
377 538 449 621 quis
476 560 571 622 quem
599 538 702 604 oculis
725 537 916 624 privaverit,
942 539 1029 604 dicet
1051 561 1098 622 ea,

16 675 17 682 Ξ
89 648 164 709 quae
197 627 288 691 cerni
319 629 468 711 possent,
501 648 535 692 se
568 627 599 691 ei
625 649 692 692 non
722 627 888 692 ademisse.
937 625 984 692 Ut
1012 628 1098 692 enim

16 791 18 796 ι
66 715 141 778 silla
168 714 270 780 oeulis
299 715 397 780 modo
426 718 658 800 agnoscuntur,
692 715 738 780 sic
770 715 894 800 reliqua
921 716 1014 800 visis,
1043 715 1097 782 sed

88 803 215 888 propria
240 803 322 887 veri,
344 825 412 868 non
435 804 596 869 communi
618 804 687 868 veri
710 808 743 869 et
765 803 842 868 falsi
863 807 950 870 nota
994 803 1098 881 Quam

89 892 124 956 oh
143 914 228 975 rem,
251 892 320 956 sive
339 895 377 957 tu
396 892 600 975 probabilem
618 893 789 975 visionem,
811 891 879 958 sive
895 893 1098 976 probabilem

89 985 130 1063 et,
152 1001 238 1064 quae
260 1001 328 1046 non
351 980 558 1066 impedietur,
586 983 623 1046 ut
653 977 834 1046 Carneades
857 981 1001 1066 volebat,
1031 981 1098 1046 sive

89 1069 170 1133 aliud
198 1069 278 1152 qnid
308 1069 470 1152 proferes,
502 1069 589 1154 quod
620 1091 766 1153 sequare,
799 1070 840 1134 ad
872 1070 977 1136 visum
1009 1069 1099 1154 illud,

56 1183 77 1221 ιο
88 1156 123 1222 de
144 1180 209 1242 quo
234 1155 378 1242 egimus,
409 1156 471 1222 tibi
499 1155 562 1222 erit
583 1155 818 1224 revertendum.
861 1155 901 1223 In
929 1180 966 1224 eo
990 1161 1099 1224 autem
1116 1179 1151 1228 34

87 1246 112 1310 si
139 1246 203 1311 erit
231 1245 445 1311 communitas
474 1267 547 1312 cum
570 1245 668 1330 falso,
696 1245 822 1310 nullum
847 1247 909 1312 erit
935 1246 1098 1332 iudicium,

87 1335 157 1418 quie
174 1335 346 1418 proprium
371 1335 535 1399 communi
553 1335 648 1420 signo
667 1335 775 1400 notari
796 1356 864 1400 non
886 1339 1002 1418 potest
1040 1335 1098 1402 Sin

88 1427 193 1488 autem
217 1443 390 1488 commune
407 1423 491 1488 nihil
511 1423 581 1506 erit,
603 1423 720 1508 habeo,
742 1423 828 1507 quod
846 1423 932 1508 volo;
955 1425 988 1488 id
1012 1425 1097 1490 enim

87 1534 218 1596 quaero,
242 1512 327 1596 quod
349 1511 397 1576 ita
425 1511 507 1583 mihi
530 1511 678 1576 videatur
701 1533 826 1596 verum,
847 1514 885 1596 ut
906 1533 973 1578 non
993 1513 1098 1597 possit

55 1601 162 1664 sitem
185 1599 306 1664 falsum
335 1599 448 1664 videri.
492 1597 598 1664 Simili
625 1601 660 1666 in
682 1621 790 1666 errore
813 1604 997 1685 versantur,
1025 1623 1097 1666 cum

89 1688 231 1754 convicio
259 1689 407 1752 veritatis
431 1689 535 1753 coacti
564 1689 734 1773 perspicue
757 1711 777 1752 a
798 1688 961 1772 perceptis
984 1688 1099 1754 volunt

87 1777 285 1862 distinguere
300 1779 333 1841 et
347 1779 505 1842 conantur
519 1776 687 1843 ostendere
700 1799 771 1842 esse
791 1777 913 1861 aliquid
929 1777 1099 1861 perspicui,

86 1887 195 1930 verum
213 1864 294 1930 illud
313 1865 452 1949 quidem,
471 1865 664 1950 impressum
682 1866 717 1930 in
736 1865 843 1930 animo
863 1868 959 1948 atque
982 1868 1099 1948 mente,

86 1975 186 2038 neque
206 1957 318 2019 tamen
336 1953 369 2017 id
388 1953 509 2038 percipi
529 1976 567 2018 ac
586 1953 771 2038 comprendi
787 1975 891 2037 posse.
924 1951 994 2030 Quo
1014 1954 1099 2018 enim

54 2067 75 2107 κο
87 2043 180 2108 modo
199 2043 370 2126 perspicue
389 2042 507 2106 dixeris
527 2043 637 2107 album
656 2064 726 2108 esse
748 2041 878 2127 eliquid,
901 2064 973 2107 cum
995 2043 1100 2128 possit

87 2131 240 2215 accidere,
261 2135 300 2195 ut
321 2129 364 2213 id,
386 2131 471 2215 quod
488 2131 618 2216 nigrum
638 2131 690 2214 sit,
713 2131 822 2195 album
842 2152 911 2196 esse
930 2131 1099 2196 videatur?

85 2223 139 2285 aut
156 2241 221 2304 quo
241 2219 339 2284 modo
357 2218 423 2284 ista
441 2223 498 2284 aut
515 2220 685 2303 perspicua
704 2218 845 2284 dicemus
864 2220 973 2284 autin
994 2221 1100 2285 animo

84 2308 243 2392 impressa
266 2307 442 2390 subtiliter,
466 2329 538 2372 cum
562 2309 606 2373 sit
627 2309 800 2392 incertum,
821 2329 895 2373 vere
918 2309 1099 2372 inaniterne

85 2396 275 2462 moveatur?
321 2394 375 2460 lta
396 2417 499 2481 neque
523 2397 612 2461 color
633 2419 737 2481 neque
760 2418 875 2480 corpus
898 2418 958 2461 nec
980 2397 1099 2461 veritas

54 2507 141 2550 nnec
171 2486 399 2569 argumentum
421 2506 479 2549 nec
503 2507 616 2549 sensus
638 2507 742 2570 neque
769 2485 975 2570 perspicuum
997 2483 1100 2550 ullum

84 2573 287 2658 relinquitur.
342 2572 394 2636 Ex
426 2573 486 2639 hoc
517 2573 596 2638 illud
624 2574 663 2638 iis
699 2596 760 2639 usu
788 2573 897 2638 venire
925 2573 1023 2653 solet,
1055 2577 1099 2657 ut,
1118 2593 1151 2643 35

16 2677 18 2696 ’
85 2661 236 2746 quicquid
263 2660 419 2738 dixerint,
447 2684 467 2726 a
492 2661 685 2745 quibusdam
707 2663 962 2747 interrogentur:
996 2661 1100 2747 ‘Ergo

85 2751 167 2814 istuc
188 2749 319 2834 quidem
337 2749 515 2834 percipis?'
544 2748 606 2816 Sed
625 2753 679 2836 qui
697 2751 744 2816 ite
762 2751 976 2835 interrogant,
995 2750 1036 2814 ab
1060 2752 1100 2815 iis

85 2839 270 2904 irridentur.
307 2835 383 2903 Non
403 2839 489 2902 enim
507 2842 660 2924 urguent,
682 2842 719 2903 ut
742 2842 920 2922 coarguant
939 2840 1100 2903 neminem
1198 2859 1201 2872 ¹

55 2949 75 2989 ro
86 2927 154 2992 ulla
173 2927 213 2991 de
232 2949 268 2991 re
286 2949 383 3011 posse
401 2928 592 2993 contendere
614 2948 674 2992 nec
697 2926 885 2992 adseverare
904 2927 973 2992 sine
992 2928 1101 3012 aliqua

87 3017 152 3080 eins
171 3016 236 3094 rei,
258 3037 355 3099 quam
375 3015 437 3080 sibi
456 3017 590 3101 quisque
609 3016 737 3099 placere
760 3015 846 3099 dicit,
870 3020 959 3080 certa
978 3018 1011 3080 et
1028 3037 1099 3098 pro-

85 3105 157 3188 pria
180 3105 269 3169 nota.
321 3103 412 3180 Quod
435 3109 485 3168 est
507 3105 608 3189 igitur
630 3104 715 3168 istuc
742 3107 886 3170 vestrum
908 3103 1099 3188 probabile?

84 3191 171 3257 Nam
195 3192 239 3275 si,
261 3189 349 3276 quod
372 3193 486 3276 cuique
509 3193 648 3258 occurrit
671 3197 704 3258 et
723 3193 827 3276 primo
851 3194 944 3277 quasi
967 3195 1099 3275 aspectu

85 3279 257 3363 probabile
276 3277 411 3359 videtur,
430 3281 464 3344 id
481 3281 707 3365 confirmetur,
726 3281 802 3366 quid
821 3302 858 3347 eo
877 3281 1004 3346 levius?
1042 3278 1100 3344 sin

55 3391 123 3433 sex
151 3369 440 3452 circumspectione
468 3369 577 3454 eliqua
604 3373 637 3434 et
665 3375 816 3435 accurata
846 3368 1100 3434 consideratione

86 3457 170 3540 quod
202 3457 311 3522 visum
343 3457 398 3541 sit,
429 3457 462 3522 id
494 3480 528 3522 se
561 3457 669 3523 dicent
701 3459 805 3543 sequi,
836 3460 948 3524 temen
980 3457 1101 3522 exitum

63 3567 150 3610 ·non
172 3545 356 3630 habebunt,
378 3546 518 3628 primum
538 3546 615 3630 quia
631 3547 671 3610 iis
693 3545 785 3628 visis,
808 3547 894 3610 inter
912 3567 994 3630 quae
1017 3545 1099 3610 nihil
1119 3565 1153 3613 ac
