2470 3962
152 213 242 266 XLIV
464 209 675 264 ADNOTATIO
694 209 846 264 CRITICA.

152 387 254 436 aurnes,
272 372 320 438 qui
333 372 430 440 cuique
443 369 561 436 artificio
576 373 722 437 praesunt,
741 369 836 423 debent
852 369 949 424 habere
963 369 1062 423 eodem
1075 369 1163 422 modo

152 442 348 510 depravatum:
368 441 524 508 cuicunque
543 441 660 506 artificio
674 445 817 508 praesunt.
833 470 866 478 -
879 439 910 496 P.
925 446 985 494 432.
1003 446 1035 494 18
1051 441 1082 493 in
1096 441 1160 507 phi-

153 513 275 579 losophia
289 509 392 578 codd,¹
402 528 420 564 a
430 511 604 578 philosophia
618 509 675 574 sil..
694 509 906 578 8441111411144,
926 510 1092 577 4141414144,
1109 511 1161 579 [in

151 582 341 651 philosophia]
354 581 427 635 Bait.
441 580 476 636 II.
488 583 520 620 -'—
535 581 566 634 P.
577 586 634 634 432.
651 586 684 640 29
698 581 796 646 fuisset
808 579 909 647 Bentl,
923 581 995 634 Bait.
1007 611 1041 620 -
1054 581 1082 634 P.
1097 586 1159 634 433.

154 659 188 706 14
205 655 315 722 scripsit
332 653 421 720 vulg.,
440 653 543 718 scripta
561 652 598 703 sit
616 651 710 719 codd,
729 652 895 718 scriptitarit
907 650 1012 719 Klein,
1031 649 1161 718 84411.-

79 753 82 757 ·
152 722 183 776 P.
198 727 257 778 437.
275 730 307 777 12
322 740 361 790 sq.
381 723 534 775 4144444444
553 719 640 788 Β411.,
658 723 694 774 ni
711 722 754 774 ita
771 727 849 786 esset,
867 738 943 775 nuru
961 726 1046 775 totum
1064 723 1109 774 hoa
1123 752 1159 760 -

152 800 238 856 reete
257 797 369 862 poneret
392 791 489 859 Seyff,
511 793 537 844 si
559 794 601 845 ita
622 796 700 856 esset,
723 797 781 845 tuu
797 793 884 857 uolui,
909 797 942 844 ut
959 797 1045 846 toturn
1064 823 1095 831 -
1110 807 1161 858 pa·

152 869 226 918 neret
243 864 338 931 Helm,
356 864 381 916 si
398 863 440 916 ita
458 867 534 926 esset,
553 879 619 915 nuni
636 863 697 914 iure
714 867 876 929 -poneret
895 861 983 916 Sorof.
1003 893 1039 902 -
1055 863 1084 918 P.
1098 868 1160 914 437.

154 939 187 988 18
210 934 264 989 Sed
290 937 315 989 si
341 931 529 1001 Koenighoff.,
554 932 613 986 Sor.
633 961 665 971 -
684 931 714 985 P.
735 939 796 986 437.
816 938 849 986 26
869 949 909 1000 sq.
927 935 987 986 Ain
1005 931 1056 986 tu?
1079 934 1163 986 aliter

153 1005 212 1072 Or.,
231 1005 313 1070 Bali,
331 1004 426 1061 Hein..
445 1003 493 1056 Au
510 1008 542 1056 tu
564 1020 602 1057 an
620 1003 700 1057 aliter
718 1003 811 1070 codd,
829 1004 878 1056 Au
899 1009 931 1056 tu
953 1004 1034 1057 aliter
1052 1002 1160 1070 Tregd,

153 1075 225 1140 844,
244 1075 316 1129 Bait.
341 1075 383 1129 ed.
407 1072 484 1140 Tun,
508 1074 567 1126 Aru
589 1073 639 1126 tu?
666 1091 705 1126 au
727 1075 807 1127 aliter
834 1073 877 1127 ed.
900 1073 990 1142 Lipa,
1018 1074 1078 1127 Ain
1098 1079 1161 1126 tan-

152 1145 231 1201 dein?
251 1147 331 1199 aliter
349 1143 431 1212 Seyff.
447 1174 480 1183 -
494 1143 525 1198 P.
540 1149 600 1198 438.
615 1149 631 1196 2
647 1161 687 1210 sq.
702 1143 753 1213 [ea
771 1145 884 1198 alterius
902 1143 1018 1212 eventis]
1032 1144 1109 1197 Hein.
1125 1173 1160 1182 -

152 1217 182 1271 P.
198 1220 258 1270 438.
274 1221 290 1270 5
308 1216 352 1270 hic
369 1216 478 1282 sapiens
496 1213 639 1268 intercidit
656 1213 732 1282 apud
750 1212 835 1279 Bait,
861 1214 929 1268 item
947 1232 972 1267 v.
992 1221 1024 1267 17
1045 1219 1070 1269 41
1086 1215 1158 1268 uites.

153 1317 186 1327 -
205 1287 235 1341 P.
255 1290 315 1342 438.
336 1293 351 1341 9
375 1287 434 1352 ipso
452 1284 538 1352 Bait,
563 1283 659 1352 Seyd,
682 1283 776 1350 Hein,
800 1285 858 1338 844,
883 1315 916 1324 -
939 1283 971 1338 P.
990 1290 1051 1340 438.
1071 1291 1105 1339 24
1122 1290 1160 1338 est

152 1375 202 1427 pro
226 1359 262 1411 sii
285 1357 319 1410 de
337 1355 442 1409 Halmii
466 1355 536 1410 coni.
555 1353 642 1419 Bait,
666 1372 690 1408 v.
711 1355 747 1408 ad
771 1360 873 1423 p.110.
892 1362 932 1410 10.
953 1385 986 1394 --
1005 1355 1036 1410 P.
1052 1361 1111 1409 438.
1126 1359 1160 1406 26

152 1427 307 1492 1114444141,
332 1425 428 1494 Septi,
450 1425 530 1481 Heia.
555 1455 588 1464 -
611 1425 641 1478 P.
661 1431 721 1479 439.
742 1431 776 1479 23
795 1443 835 1494 sq.
859 1427 1024 1494 conpleatur
1049 1425 1161 1494 Wopk,

152 1497 225 1552 Bait.
245 1498 287 1552 ed.
307 1497 444 1563 11144144,
463 1495 558 1565 Septi,
577 1495 670 1560 Heia,
690 1495 766 1564 844,
782 1497 966 1564 conplectitur
984 1495 1075 1563 codd,
1094 1512 1159 1550 eora-

151 1570 243 1636 pletur
260 1569 364 1635 Bentl,
382 1567 455 1621 Bait.
475 1567 518 1620 ed.
534 1567 592 1632 Or.;
612 1584 637 1620 v.
657 1566 694 1620 ad
711 1583 738 1635 p.
755 1571 796 1620 68.
812 1573 845 1619 14
860 1568 926 1620 417.
943 1572 984 1620 13.
1002 1597 1036 1606 -
1053 1567 1086 1621 P.
1100 1571 1159 1620 439.

153 1645 294 1708 3244114
315 1640 423 1704 uetuit,
446 1639 535 1701 recte,
557 1639 589 1691 ut
606 1636 730 1703 videtur,
754 1637 898 1690 defensum
921 1653 938 1691 a
963 1636 1108 1706 Madvigio
1126 1637 1161 1689 de

152 1709 198 1765 fin.
221 1727 248 1779 p.
269 1716 332 1777 769,
356 1707 427 1763 Β411.
451 1709 494 1762 ed.
517 1707 594 1774 Tun,
618 1723 713 1776 pauca
740 1707 782 1761 ed.
811 1707 948 1775 lancha,
975 1707 1048 1775 844,
1072 1723 1162 1776 paruo

153 1785 224 1834 nutu
242 1786 280 1835 est
297 1780 434 1846 Tischer.‚
453 1778 547 1844 Heia,
562 1793 647 1846 parce
663 1779 758 1832 uetuit
777 1777 858 1846 Seyff.
874 1808 906 1817 -
921 1778 951 1831 P.
966 1783 1026 1831 440.
1044 1784 1079 1831 14
1094 1794 1161 1847 4444

153 1857 200 1906 441
217 1852 384 1911 moderatrix
401 1850 496 1916 Heia,
515 1847 604 1902 Sorof.
645 1849 699 1914 Ee,
727 1848 803 1916 quod
821 1849 1008 1918 temperantia
1025 1848 1092 1902 talis
1112 1851 1161 1913 441,

152 1924 185 1975 41
203 1922 240 1975 411
257 1920 428 1975 moderatrix
442 1918 565 1974 omnium
579 1918 809 1987 commotionum,
828 1919 959 1985 efficitur,
978 1921 1011 1972 ut
1029 1919 1162 1974 adiimota

154 2008 187 2045 ea
209 1992 245 2044 ael
268 1990 463 2045 fortitudinem
485 1988 556 2043 nihil
579 1987 653 2042 desit
675 1989 712 2042 ad
733 1989 816 2044 beate
835 1989 992 2043 vivendum.
1030 1989 1065 2046 V.
1079 1990 1117 2044 ad
1134 2007 1160 2058 p.

155 2069 197 2117 63.
211 2062 241 2114 s.
266 2091 299 2100 -
322 2061 353 2114 P.
372 2065 432 2114 440.
452 2065 486 2115 20
511 2060 600 2126 Atque
624 2075 685 2113 4441
710 2059 799 2128 vulg,
827 2062 867 2113 Ar
888 2061 1047 2128 4414441444
1073 2060 1160 2125 codd..

155 2132 273 2200 0441444
296 2130 377 2200 Seyff.
403 2159 436 2170 -
460 2130 490 2183 P.
510 2134 572 2184 440.
590 2134 625 2183 24
649 2147 688 2198 sq.
718 2146 778 2183 curn
804 2131 897 2184 omnia
923 2147 954 2184 ea
983 2157 1014 2169 —
1039 2135 1162 2200 propheat

154 2201 250 2270 84411,
274 2217 334 2255 cunr
356 2202 450 2256 omnia
473 2231 505 2239 -
524 2205 647 2268 pupuent
665 2200 760 2268 codd,
783 2217 851 2268 4444
873 2202 965 2255 arania
983 2229 1016 2240 -
1033 2205 1162 2270 pupnant

153 2271 240 2338 Bait,
259 2271 352 2337 Heia..
372 2271 460 2326 Sorof.
491 2270 677 2324 Emendatum
696 2286 756 2324 esse
774 2272 866 2325 totum
883 2271 978 2325 locum
994 2287 1051 2324 non
1071 2272 1161 2337 oredo,

153 2342 323 2410 minimeque
344 2342 439 2410 placet
460 2360 485 2397 v.
510 2346 542 2394 22
567 2357 625 2409 sqq.
651 2342 724 2410 quod
742 2371 775 2380 -
793 2347 919 2396 uerseteu.
943 2371 977 2381 —
1000 2341 1030 2394 P.
1052 2347 1160 2396 44218

153 2415 211 2468 siue
229 2415 385 2478 alacritate,
403 2415 462 2466 ulla
474 2412 534 2467 sine
552 2411 665 2466 libidine
680 2411 767 2466 84441.
783 2411 829 2465 vix
843 2412 972 2480 probab„
990 2414 1050 2466 siue
1067 2413 1162 2477 alacr,

153 2485 232 2539 nulla
254 2485 368 2539 libidine
390 2484 424 2536 H.
448 2483 563 2552 Saupp,
591 2481 686 2549 Hein,
712 2483 771 2536 sine
793 2483 877 2537 alacr.
906 2483 997 2549 futili,
1028 2483 1088 2537 4144
1116 2483 1160 2537 lit.

153 2554 257 2622 Bentl,
282 2553 364 2623 Seyff.
389 2585 423 2594 -
445 2554 475 2608 P.
496 2559 556 2607 442.
575 2558 608 2606 33
631 2569 672 2606 uie
694 2553 869 2620 aequiperare
896 2552 994 2618 Orell,
1019 2552 1101 2608 Hein.
1128 2581 1160 2593 ·-

153 2626 256 2679 Totum
284 2628 379 2678 autem
404 2625 498 2678 locum
524 2643 550 2676 v.
570 2629 603 2677 27
627 2640 685 2690 sqq.
716 2621 755 2676 414
781 2622 841 2676 fere
864 2623 1041 2677 scribendum
1067 2625 1162 2678 censet

153 2695 308 2764 Niemeyer.
327 2695 357 2749 in
375 2695 510 2748 Fleckeie.
529 2709 591 2746 ann.
611 2692 679 2762 phil.
700 2697 768 2746 1876
787 2711 814 2761 p.
834 2699 885 2748 642
905 2710 976 2761 sqq:
1004 2693 1058 2759 (Et
1075 2700 1114 2749 est
1131 2696 1161 2748 in
1222 2751 1223 2762 .

154 2767 249 2834 aliqua
270 2767 329 2818 uita
347 2793 381 2805 -
401 2795 433 2804 -
453 2765 627 2833 aequiperare
649 2767 750 2832 44441.)
791 2764 894 2832 Quodsi
917 2765 995 2818 beata
1017 2766 1077 2818 rita
1094 2765 1162 2834 plor.

154 2867 187 2876 —
208 2866 240 2876 -
259 2835 400 2900 ferendum
421 2835 457 2889 sit
481 2865 514 2873 —
539 2833 644 2902 Quibus
661 2833 762 2900 positis
784 2834 916 2902 intellepis
938 2834 1006 2902 quid
1023 2840 1160 2902 sequatur.

154 2907 260 2974 Atque
283 2906 359 2959 iteur
382 2934 423 2960 -.
447 2904 489 2958 De
512 2905 606 2958 cetero
628 2919 685 2957 non
707 2920 813 2972 pugno,
837 2904 890 2958 etsi
912 2921 969 2958 non
991 2905 1080 2959 multo
1107 2905 1161 2960 414-

56 2997 58 3006 *
153 2975 265 3046 gentius
289 2975 478 3044 disputantem
500 2973 591 3028 Niem.
616 2973 777 3028 Ciceronem
799 2975 891 3029 facere
914 2975 1038 3040 videtum
1066 2976 1115 3030 sed
1138 2982 1163 3030 et

153 3047 260 3115 quidem
272 3045 360 3099 nolim
373 3044 439 3110 iam,
452 3046 485 3098 41
499 3043 575 3112 olim,
588 3043 733 3097 mutariin
747 3049 827 3113 41444
842 3047 919 3111 itera,
936 3062 1003 3110 nam
1017 3051 1041 3100 et
1055 3048 1163 3114 44111414

152 3116 307 3170 identidem
320 3116 415 3170 valere
429 3120 509 3183 atque
526 3114 678 3183 persuadet
695 3115 846 3169 multitudo
865 3116 1003 3181 locorum,
1022 3117 1054 3169 ut
1071 3135 1098 3185 p.
1119 3123 1161 3172 26.

153 3193 196 3253 25,
211 3194 252 3240 13.
269 3191 311 3252 m,
327 3191 386 3240 res.
403 3189 443 3252 re,
460 3191 518 3240 414.
534 3191 559 3252 4,
579 3191 639 3240 114.
655 3192 679 3251 3,
694 3192 754 3240 sio.
769 3192 813 3252 ee,
832 3193 892 3240 114.
908 3191 923 3240 s
939 3188 967 3240 et
982 3193 1023 3253 er,
1043 3193 1103 3242 411.
1119 3194 1161 3242 44.

153 3263 212 3313 457.
230 3263 262 3310 10
280 3256 378 3320 (ethic
396 3257 527 3324 quidem),
545 3255 579 3310 N.
590 3255 622 3310 D.
638 3256 651 3309 Ι
669 3262 712 3310 31.
727 3261 760 3311 88
780 3256 824 3322 (al.
841 3263 875 3312 89
889 3256 930 3310 Ε1
943 3262 974 3310 14
991 3258 1117 3326 quide-u),
1136 3260 1163 3312 ΙΙ

117 3350 119 3353 ·
154 3335 194 3384 13.
210 3334 244 3382 36
258 3327 461 3395 (14141144441441
475 3343 528 3381 esse
541 3328 672 3381 nundum
686 3331 711 3382 41
731 3327 838 3396 quidem
852 3327 932 3381 etiam
946 3329 1118 3396 sapientem),
1135 3330 1162 3384 ll

154 3404 194 3453 15.
208 3403 243 3451 41
258 3413 298 3452 ex.
313 3399 404 3462 (saleru
417 3401 442 3452 et
455 3399 561 3466 quidem
570 3399 676 3464 reliqua
687 3402 783 3463 astra),
797 3397 1036 3462 113794141444
1050 3413 1162 3467 operosa

152 3475 176 3522 et
194 3469 278 3522 uulto
296 3469 403 3536 quiden
420 3469 575 3536 faciliora),
592 3468 632 3520 III
651 3473 675 3521 9,
690 3472 724 3520 23
743 3468 872 3532 (disertus
890 3473 915 3522 et
937 3469 1044 3537 quietern
1062 3471 1160 3524 ruothe-

151 3541 290 3608 necteus),
310 3539 345 3593 de
364 3538 420 3595 div.
429 3539 452 3606 ,1
470 3545 504 3594 49
523 3555 565 3595 ex.
585 3544 649 3605 112,
667 3536 694 3590 ΙΙ
712 3543 754 3594 36.
773 3543 818 3605 77,
839 3553 875 3592 or.
892 3543 934 3594 45.
953 3543 1016 3606 152,
1039 3539 1162 3596 1444111
