2552 3966
160 206 206 270 32
432 200 909 261 nonoamcosouemoauu

35 411 38 417 -
161 370 284 450 autem,
320 366 397 450 quid
433 365 547 449 cuique
582 364 630 428 rei
666 366 917 428 consentaneum
954 369 1055 450 esset,
1096 367 1177 452 quid

162 458 369 541 repugnaret,
392 452 595 518 videremus?
623 451 799 517 Memoriae
821 452 949 538 quidem
972 455 1066 538 certe,
1091 475 1175 538 quae

162 565 229 609 non
265 543 360 608 modo
401 540 658 626 philosophiam,
695 539 751 605 sed
788 561 916 605 omnem
952 541 1040 605 ritae
1078 565 1175 608 usum

162 651 336 715 omnesque
365 634 451 694 artes
478 651 543 693 una
569 629 710 694 maxime
738 629 895 712 continet,
927 629 1009 694 nihil
1040 631 1175 696 omnino

162 721 226 786 loci
261 719 464 804 relinquitur.
528 717 616 792 Quae
656 719 766 800 potest
797 717 884 781 enim
916 739 986 782 esse
1017 720 1204 785 memorias

161 807 341 873 falsorum?
373 809 431 871 aut
466 805 543 891 quid
579 804 749 889 quisquam
787 805 950 890 meminit,
986 806 1071 889 quod
1107 829 1175 872 non

162 898 271 961 animo
299 890 543 978 comprehendit
566 897 599 957 et
625 892 736 956 tenet?
769 914 821 958 ars
848 915 925 959 vero
955 915 1035 978 quae
1062 899 1175 978 potest

162 1007 243 1067 esse,
265 984 330 1048 nisi
353 1004 435 1067 quae
453 1003 519 1046 non
542 1002 580 1045 ex
598 1001 663 1044 una
681 985 738 1045 aut
760 981 897 1065 duabus,
921 983 1037 1047 sodex
1060 984 1173 1048 multis

163 1073 263 1138 animi
294 1070 555 1155 perceptionibus
588 1068 737 1134 constat?
773 1091 869 1154 quarn
907 1071 935 1134 si
967 1071 1174 1155 subtraxeris,

162 1161 219 1244 qui
237 1159 417 1244 distingues
437 1158 593 1222 artificem
612 1158 653 1222 ab
672 1157 796 1222 inscio?
834 1157 910 1224 Non
920 1159 1015 1222 enim
1037 1159 1216 1225 fortuitum

162 1249 249 1312 hunc
266 1247 423 1312 artificem
440 1247 581 1310 dicemus
596 1267 675 1329 esse,
692 1245 787 1310 illum
804 1246 1005 1332 negabimus
1024 1248 1080 1312 sed
1099 1270 1174 1314 eum

163 1338 301 1401 alterum
337 1337 489 1419 percepta
529 1337 564 1398 et
598 1333 832 1417 comprehensa
871 1337 981 1400 tenere
1018 1335 1174 1418 videmus,

163 1426 301 1489 alterum
328 1445 395 1488 non
421 1424 508 1487 item.
559 1419 704 1506 Cumque
733 1423 852 1487 artium
875 1421 964 1486 aliud
988 1424 1056 1488 eius
1084 1426 1173 1490 modi
1263 1491 1264 1510 ,

163 1533 265 1598 genus
289 1511 344 1595 sit,
375 1515 412 1580 ut
434 1513 563 1576 tantum
586 1510 682 1575 modo
706 1511 813 1575 animo
836 1531 905 1574 rem
928 1515 1052 1590 cernat,
1075 1512 1174 1598 aliud,

163 1604 201 1666 ut
219 1601 371 1665 moliatur
390 1599 510 1684 aliquid
529 1602 562 1663 et
579 1599 692 1681 iaciat,
715 1619 778 1682 quo
800 1598 896 1664 medo
915 1603 971 1662 aut
990 1604 1173 1684 geometres
1187 1625 1214 1665 15

163 1711 291 1754 cernere
315 1710 352 1752 ea
374 1691 496 1773 potest,
521 1709 603 1772 quac
626 1690 683 1752 aut
704 1687 795 1750 nulla
819 1690 894 1751 sunt
918 1690 974 1752 aut
995 1689 1174 1754 internosci

163 1801 184 1843 a
201 1775 294 1842 falsis
311 1798 377 1841 non
395 1779 541 1860 possunt,
559 1780 617 1840 aut
634 1776 676 1853 is,
695 1773 750 1858 qui
768 1774 886 1839 fidibus
904 1775 1021 1861 utitur,
1044 1777 1174 1860 explere

162 1887 314 1930 numeros
337 1868 371 1929 et
388 1865 543 1929 conficere
561 1862 695 1927 versus?
735 1860 827 1938 Quod
849 1862 934 1927 idem
954 1863 989 1928 in
1012 1864 1173 1930 similibus

163 1975 289 2038 quoque
317 1952 443 2017 artibus
465 1951 644 2035 continget,
672 1971 807 2034 quarum
836 1972 931 2015 omne
958 1973 1040 2036 opus
1067 1957 1117 2018 est
1139 1953 1174 2018 in

162 2041 310 2106 faciendo
343 2044 437 2124 atque
471 2039 604 2125 agendo.
656 2037 740 2115 Quid
772 2040 857 2104 enim
889 2043 952 2118 est,
984 2040 1070 2124 quod
1103 2045 1212 2107 arte-rc

88 2151 110 2185 ι·
164 2129 248 2195 effici
270 2128 387 2212 possit,
414 2127 479 2192 nisi
504 2128 546 2211 is,
574 2127 628 2211 qui
652 2130 756 2192 artem
778 2128 947 2212 tractabit,
974 2129 1080 2193 multa
1102 2151 1173 2214 per-

111 2277 145 2402 J,
165 2217 370 2370 celiblbliiime
392 2325 468 2368 vero
495 2305 652 2368 virtutum
679 2302 822 2387 cognitio
851 2304 1019 2370 confirmat
1047 2307 1172 2392 percipi
1244 2279 1249 2286 .

165 2397 198 2458 et
220 2392 446 2476 comprehendi
468 2392 572 2456 multa
594 2413 698 2476 posse.
747 2389 787 2454 ln
814 2392 930 2476 quibus
959 2392 1038 2458 solis
1063 2394 1172 2460 inesse

164 2482 263 2547 etiam
307 2481 473 2547 scientiam
509 2481 662 2564 dicimus,
698 2501 796 2564 quam
830 2501 890 2546 nos
926 2502 991 2546 non
1030 2503 1211 2566 compre-ss

163 2571 354 2636 hensionem
385 2569 480 2634 modo
512 2591 633 2652 rerum,
670 2569 725 2632 sed
756 2587 829 2632 eam
861 2568 1013 2634 stabilem
1044 2587 1171 2656 quoque

164 2661 197 2722 et
223 2657 460 2722 immutabilem
492 2679 562 2721 esse
594 2677 773 2739 censemus,
800 2656 941 2741 itemque
965 2657 1172 2743 sapientiam,

164 2748 268 2811 artem
292 2745 432 2826 vivendi,
456 2765 536 2827 quae
559 2745 631 2826 ipsa
654 2765 693 2808 ex
715 2765 784 2808 sese
807 2743 927 2809 habeat
946 2748 1172 2814 constantiam.
1263 2759 1264 2764 ’

164 2833 215 2898 Fla
229 2833 335 2898 autem
351 2833 533 2897 constantia
545 2831 574 2895 si
590 2831 674 2896 nihil
692 2831 812 2896 habeat
828 2835 971 2917 percepti
990 2837 1024 2898 et
1041 2837 1173 2922 cogniti,

165 2943 298 3005 quaero,
328 2920 412 2984 unde
436 2923 514 2984 nata
536 2919 580 2984 sit
602 2922 658 2983 aut
681 2941 743 3004 quo
767 2920 871 2986 modo.
916 2921 1041 2998 Quaero
1064 2925 1172 3010 etiam,
1186 2950 1211 2990 sc

164 3009 219 3074 ille
242 3009 432 3091 virbonus,
454 3008 510 3092 qui
533 3007 649 3073 statuit
672 3029 799 3073 omnem
822 3009 998 3074 cruciatum
1019 3012 1172 3096 perferre,

164 3096 364 3162 intolerabili
387 3096 496 3160 dolore
523 3096 660 3161 lacerari
680 3097 803 3182 potius,
831 3119 927 3182 quam
951 3101 1008 3162 aut
1030 3099 1172 3166 officium

164 3185 283 3269 prodat
314 3188 370 3248 aut
400 3184 509 3269 fidem,
545 3206 601 3250 eur
631 3183 692 3248 has
724 3185 786 3250 sibi
824 3189 894 3252 tam
930 3205 1045 3270 graves
1081 3188 1171 3274 leges

164 3273 370 3356 imposuerit,
393 3294 480 3354 cum,
512 3294 609 3358 quam
638 3274 680 3338 ob
707 3293 774 3337 rem
801 3273 849 3339 ita
880 3277 1056 3359 oporteret,
1086 3277 1171 3342 nihil

164 3361 299 3425 haberet
343 3361 578 3445 comprehensi,
618 3361 775 3446 percepti,
816 3362 951 3446 cogniti,
993 3363 1172 3431 constituti.
1185 3391 1210 3432 ss

165 3446 264 3513 Nullo
296 3449 398 3534 igitur
430 3447 525 3513 modo
561 3449 631 3512 fieri
662 3451 783 3530 potest,
817 3453 855 3513 ut
885 3450 1057 3534 quisquam
1088 3455 1173 3519 tanti

166 3537 316 3602 aestimet
348 3536 544 3620 aequitatem
572 3538 605 3599 et
631 3535 740 3620 fidem,
770 3540 808 3600 ut
839 3537 906 3602 eius
937 3542 1172 3607 conservandae
