2568 3948
358 203 426 259 Iun.
445 204 478 258 v.
506 204 584 258 cnr.
603 207 650 274 ee,
669 210 711 261 su
740 211 755 271 r
775 208 895 262 re-ee.
1068 205 1134 270 269

125 365 245 430 modo?
292 365 386 450 Quia,
409 386 481 430 eum
505 387 525 430 a
546 364 687 444 Zenone,
709 367 857 450 inquam,
878 367 941 432 hoo
964 367 1134 452 magnifiee

124 458 293 538 tamquam
316 475 355 518 ex
379 453 509 521 oraoulo
534 453 652 518 editur:
687 453 811 519 ‘Virtus
839 453 880 518 ad
908 455 1004 519 beato
1026 455 1134 520 viren-

11 563 12 566 ’
124 541 203 606 dum
226 563 261 606 se
284 543 357 624 ipsa
380 544 533 606 contenta
555 541 631 624 est’,
653 541 783 618 Quare?
808 542 926 627 inquit3
948 542 1134 626 respondet:

125 628 236 714 ‘Quia
267 630 331 694 nisi
370 628 455 713 quod
489 629 663 694 honestum
699 633 762 712 est,
798 630 924 696 nullum
961 633 1010 694 est
1046 630 1135 694 aliud

11 755 13 828 Ι
95 715 271 782 ebenum?
319 715 394 781 Non
421 737 541 800 quaero
568 718 647 801 iam,
673 739 826 782 verumne
854 717 918 802 sitp
942 718 1022 782 illud
1053 717 1134 801 dieo,

126 827 177 888 ea,
203 826 286 888 quae
309 804 408 888 dieat,
430 806 594 888 praeclare
617 806 702 870 inter
715 827 759 870 se
782 803 962 871 cohaerere.
1006 805 1133 870 Dixerit
1152 825 1187 874 80

124 892 188 956 hoo
215 892 308 957 idem.
327 891 502 976 ltpiourus,
535 913 661 976 semper
687 894 819 958 beatum
851 913 922 957 esse
954 893 1133 976 sapientem

120 977 227 1065 (quod
250 980 380 1064 quidem
399 980 483 1045 solet
501 981 636 1046 ebullire
654 999 720 1046 non
740 1001 928 1066 numquam3
948 1002 1043 1065 quem
1064 981 1134 1065 qui-

126 1068 214 1152 dem,
235 1089 309 1132 eum
328 1069 463 1133 summis
486 1066 653 1134 doloribus
671 1069 874 1152 conficietur,
895 1069 943 1132 ait
960 1069 1134 1134 dicturum:

85 1155 244 1232 ro‘Quem
272 1176 370 1221 suave
398 1158 460 1220 est!
491 1177 589 1240 quem
616 1155 698 1220 nihil
730 1154 863 1242 ourol');
895 1178 963 1222 non
992 1175 1133 1240 pugnem

127 1263 200 1308 oum
216 1243 361 1328 homine,
385 1265 442 1308 our
458 1247 587 1308 tantum
606 1244 734 1314 aberret
751 1245 785 1309 in
805 1247 923 1310 natura
939 1245 1030 1327 boni3
1042 1243 1133 1308 'illud

125 1351 296 1416 urgueem,
328 1353 395 1396 nou
422 1331 615 1416 intellegere
644 1353 730 1415 eum,
762 1333 839 1416 quid
871 1333 933 1396 sibi
964 1331 1135 1396 dicendum

124 1420 179 1502 sit,
198 1440 271 1484 eum
289 1419 434 1484 dolorem
453 1439 616 1484 summum
630 1420 753 1484 malum
767 1441 836 1484 esse
850 1420 980 1484 dixerit.
1011 1419 1134 1484 Eadem
1189 1441 1194 1454 ·

125 1528 210 1572 nune
228 1527 301 1572 mea
320 1507 490 1572 adversum
513 1511 546 1572 te
565 1507 670 1572 oratio
694 1510 751 1572 est.
787 1507 877 1572 Dieis
897 1507 1007 1571 eadem
1026 1509 1135 1572 omnia

82 1621 111 1660 ro
127 1599 160 1658 et
182 1595 268 1659 bona
290 1596 323 1658 et
344 1595 444 1673 mela,
473 1615 553 1678 quae
577 1595 687 1659 dieunt
712 1595 750 1677 ii,
778 1595 834 1678 qui
860 1617 1038 1679 numquam
1064 1595 1133 1678 phi·

125 1682 300 1765 losophum
326 1683 464 1766 pletum,
491 1686 529 1746 ut
556 1682 687 1767 dieitur,
714 1682 875 1747 viderunt:
909 1683 1134 1760 valetudinem,

126 1771 225 1854 vires,
256 1773 429 1850 staturam,
454 1771 608 1853 formem,
637 1771 858 1855 integritatem
889 1770 1135 1854 unguiculorum
1270 1843 1273 1848 ,

128 1859 272 1922 omnium
307 1859 405 1939 bona,
441 1857 696 1938 deformitatem,
731 1857 899 1941 morbum,
935 1858 1135 1922 debilitatem

128 1945 223 2010 mala
271 1945 341 2010 lam
367 1945 426 2010 illa
453 1949 585 2010 externa
611 1967 706 2029 poree
733 1949 771 2010 tu
798 1945 940 2030 quidem3
971 1945 1029 2010 sed
1054 1944 1134 2010 haee
1154 1966 1187 2016 81

82 2059 112 2097 eo
128 2055 203 2098 oum
229 2033 374 2117 eorporis
400 2033 487 2098 hone
513 2034 593 2117 sint,
620 2055 731 2098 eorum
758 2033 961 2110 conficientia
987 2037 1073 2098 certe
1100 2034 1135 2098 in
1243 2028 1244 2041 ¹

127 2121 223 2186 bonis
242 2121 439 2200 numerabis,
463 2122 597 2204 amieos,
615 2121 749 2204 liberos,
765 2122 978 2205 propinquos,
996 2121 1135 2204 divitias,
1238 2128 1241 2159 r

124 2209 282 2292 honores,
310 2229 397 2292 opes.
444 2206 570 2274 Oontra
595 2209 658 2272 hoe
681 2209 810 2274 attende
838 2229 889 2274 me
911 2209 996 2273 nihil
1018 2207 1136 2294 dioere3
1244 2223 1245 2228 ’

126 2295 210 2362 illud
230 2297 341 2379 disere,
362 2297 393 2361 si
406 2297 476 2360 ista
495 2297 584 2361 mala
606 2300 694 2378 sunt,
716 2297 750 2362 in
769 2317 850 2380 quae
868 2301 978 2381 potest
995 2296 1135 2361 incidere

128 2385 273 2468 sapiens,
301 2383 481 2468 sapientem
509 2403 580 2450 esse
606 2406 674 2449 non
700 2385 780 2450 setis
810 2407 880 2449 esse
904 2383 944 2448 ad
972 2385 1067 2448 beate
1090 2385 1135 2448 vi-

84 2497 112 2535 ss
126 2472 277 2537 rendum.
316 2471 421 2538 Immo
444 2493 534 2550 vero,
556 2472 675 2556 inquit,
698 2472 739 2536 ed
757 2471 943 2536 beatissime
965 2471 1136 2536 vivendum

129 2581 245 2644 parum
268 2563 330 2644 est,
353 2559 394 2624 ad
416 2561 510 2624 beate
533 2561 623 2624 setis
668 2559 905 2642 Animadverti,
932 2559 1077 2642 inquam,
1104 2563 1136 2623 te

128 2649 193 2712 isto
225 2646 321 2712 modo
353 2649 451 2731 paulo
480 2651 554 2712 ante
583 2668 715 2731 ponere,
747 2651 780 2712 et
805 2649 873 2713 seio
902 2647 943 2712 ab
974 2646 1136 2712 Antiocho

127 2739 241 2801 nostro
274 2733 337 2800 diei
369 2735 415 2800 sle
446 2736 562 2819 solere;
596 2735 653 2800 sed
685 2735 762 2819 quid
793 2735 901 2800 minus
932 2735 1136 2819 probandum

128 2843 226 2910 quam
249 2843 319 2888 esse
343 2823 483 2908 aliquem
506 2823 637 2888 beatum
659 2843 718 2888 nee
742 2823 821 2888 setis
844 2823 997 2887 beatum?
1044 2821 1137 2898 Quod

85 2937 114 2975 eo
130 2913 238 2976 autem
267 2911 348 2975 satis
380 2913 444 2994 est,
476 2931 514 2976 eo
546 2911 695 2997 quioquid
728 2912 875 2994 accessit,
905 2911 1042 2976 nimium
1074 2914 1136 2994 est3

130 3004 163 3063 et
180 3020 276 3064 nemo
293 2999 430 3063 nimium
448 2999 563 3064 beatus
582 3003 645 3082 est3
661 2999 758 3081 opiter
774 3021 869 3064 nemo
888 2999 984 3063 beato
1003 2998 1137 3062 beatior.

128 3087 232 3172 Ergo,
254 3087 372 3170 inquit,
395 3086 456 3151 tibi
481 3085 514 3162 Q.
540 3086 702 3170 Metellus,
717 3087 780 3171 qui
802 3088 863 3166 tris
884 3087 969 3151 filios
989 3084 1135 3150 eonsules
1155 3104 1188 3153 82

129 3175 224 3258 vidit,
255 3195 273 3238 e
305 3175 421 3258 quibus
448 3195 548 3239 unum
578 3174 677 3238 etiam
703 3178 737 3238 et
768 3195 933 3240 censorem
960 3177 994 3237 et
1024 3173 1137 3237 trium-

128 3262 301 3346 phantem,
328 3265 479 3345 quartum
511 3265 619 3327 autem
651 3265 848 3345 praetorem,
880 3283 997 3345 sosque
1029 3261 1137 3325 salvos

86 3375 114 3414 rs
129 3350 262 3434 reliquit
284 3353 317 3414 et
339 3351 399 3414 tris
422 3349 506 3414 illias
528 3353 661 3433 nuptas,
681 3371 758 3415 oum
780 3350 850 3433 ipse
869 3349 994 3431 consul,
1016 3370 1137 3432 censor,

129 3459 234 3522 augur
268 3437 385 3502 inisset
421 3441 454 3502 et
492 3437 742 3522 triumphasset,
782 3441 820 3502 ut
860 3439 991 3520 sapiens
1032 3435 1138 3520 luerit,

128 3547 237 3592 nonne
263 3525 390 3591 beatior
416 3543 526 3609 quam,
553 3529 591 3590 ut
617 3525 697 3590 item
725 3525 853 3609 sapiens
881 3525 993 3608 fuerit,
1020 3525 1074 3608 qui
1104 3524 1138 3588 in
