2568 3948
345 219 412 274 nin.
432 187 464 274 tf.
493 217 569 272 CAP.
589 223 712 275 ea-as.
742 225 897 286 ssi-ss.
1059 219 1122 284 267

110 377 238 442 faciant
259 379 384 444 nullam
395 383 598 464 quaerentes
621 381 829 464 voluptatem.
867 380 967 446 Stoici
990 385 1123 446 restant.

111 464 155 529 lli
188 467 316 549 quidem
349 489 414 533 non
447 491 544 532 unam
573 469 714 552 aliquam
747 473 803 534 aut
840 470 976 534 alteram
1007 489 1072 534 rom
1103 491 1123 534 a

8 609 9 612 ,
112 553 221 636 nobis,
245 555 300 618 sed
324 559 428 620 totam
453 557 492 622 ad
517 577 551 621 se
579 561 723 622 nostram
750 555 990 642 philosophiam
1018 561 1122 622 trans-

112 641 271 725 tulerunt3
304 647 399 728 atque
430 649 469 708 ut
500 645 618 729 reliqui
644 644 732 709 fures
760 667 869 710 samm
897 664 1016 730 rerum,
1043 665 1122 730 quas

8 787 10 822 ,
84 733 283 813 coeperunt,
315 733 410 818 signa
441 736 659 816 commutant,
697 733 743 798 sic
779 733 848 816 illi,
884 737 920 797 ut
955 733 1122 798 sententiis

8 831 10 892 j
111 817 234 882 nostris
261 841 320 902 pro
350 820 416 884 suis
444 824 626 903 uterentur,
656 821 792 886 nomina
821 826 984 905 tamquam
1014 841 1122 885 rerum

111 909 208 970 notas
227 911 444 972 mutaverunt.
479 908 532 972 Ita
549 909 742 992 relinquitur
760 909 830 974 sola
848 909 929 974 haec
952 909 1123 992 disciplina

111 993 211 1077 digna
244 995 397 1061 studiosis
429 995 642 1080 ingenuarum
675 997 807 1079 artium,
847 997 945 1082 digna
980 997 1122 1080 eruditis,

112 1082 213 1166 digna
239 1081 337 1148 claris
364 1083 458 1166 viris,
486 1083 585 1168 digna
611 1084 824 1168 principibus,
851 1085 950 1170 digna
981 1085 1122 1169 regibus.

69 1197 97 1236 ao
179 1169 269 1246 Quae
287 1192 361 1235 cum
380 1171 514 1236 dixisset
531 1173 726 1256 paulumque
744 1173 926 1256 institisset,
949 1171 1033 1248 Quid
1048 1172 1121 1236 est?
1141 1185 1174 1233 '15

112 1259 233 1343 inquit,
261 1259 382 1323 satisne
409 1259 502 1324 vobis
530 1259 640 1324 videor
666 1279 725 1343 pro
751 1281 823 1325 meo
851 1260 921 1326 iure
947 1261 981 1325 in
1004 1261 1121 1324 vestris

113 1347 245 1411 auribus
278 1346 536 1411 commentatus?
589 1347 635 1412 Et
666 1367 741 1432 ego:
778 1347 827 1412 Tu
858 1367 948 1432 vero,
980 1349 1121 1432 inquam,

8 1495 9 1520 ,
111 1434 203 1517 Piso,
232 1437 269 1498 ut
296 1455 391 1517 saepe
419 1435 514 1518 alias,
546 1435 593 1500 sic
619 1435 716 1500 hodie
743 1437 790 1499 ita
816 1457 912 1500 nosse
941 1436 1006 1500 ista
1033 1435 1121 1501 visus

8 1525 9 1532 ’
112 1544 156 1607 es,
174 1526 219 1605 ut,
238 1522 267 1586 si
285 1523 335 1586 tui
353 1523 449 1588 nobis
468 1526 612 1606 potestas
631 1525 759 1606 saepius
778 1523 878 1607 fieret,
898 1545 964 1588 non
983 1524 1121 1588 multum

71 1635 98 1675 ss
113 1609 246 1675 Graecis
265 1611 512 1694 supplicandum
535 1613 692 1693 putarem.
729 1610 822 1686 Quod
845 1611 973 1694 quidem
992 1631 1030 1675 eo
1048 1633 1121 1694 pro

113 1699 188 1762 bavi
228 1698 353 1782 magis,
394 1698 470 1782 quia
505 1699 637 1763 memini
678 1697 824 1762 Staseam
860 1697 1122 1782 Neapolitanum,

67 1801 71 1808 ·
112 1787 278 1852 doctorem
309 1786 403 1850 illum
434 1789 540 1870 tuum,
571 1785 715 1850 nobilem
749 1807 826 1850 sane
861 1785 1121 1870 Peripateticum,

112 1873 281 1958 aliquanto
304 1875 370 1938 ista
393 1895 484 1939 secus
508 1873 613 1938 dicere
637 1873 783 1956 solitum,
813 1874 1043 1939 assentientem
1071 1875 1122 1958 iis,

112 1961 169 2045 qui
192 1962 331 2026 multum
354 1962 387 2025 in
410 1961 541 2026 fortuna
563 1962 701 2027 secunda
724 1966 781 2026 aut
808 1963 956 2046 adversa,
982 1963 1122 2026 multum

69 2075 98 2114 ao
113 2051 146 2116 in
171 2050 266 2114 bonis
290 2054 347 2114 aut
370 2050 466 2114 malis
489 2051 633 2132 corporis
655 2054 820 2133 ponerent.
865 2049 941 2133 sss,
968 2053 1005 2114 ut
1033 2049 1121 2134 dicis,

112 2137 233 2222 inquit3
257 2138 311 2202 sed
330 2135 410 2202 haec
429 2139 470 2202 ab
489 2135 665 2222 Antiocho,
687 2136 844 2202 familiari
862 2141 974 2203 nostro
980 2189 989 2221 ,
1013 2139 1122 2202 dicun-

112 2231 168 2290 tur
185 2226 289 2289 multo
308 2226 422 2290 melius
442 2229 474 2289 et
496 2225 621 2308 fortius,
640 2247 737 2308 quam
757 2249 776 2290 a
795 2224 908 2291 Stasea
926 2225 1123 2291 dicebantur.

113 2314 317 2397 Quamquam
335 2332 397 2398 ego
415 2333 482 2378 non
505 2333 637 2398 quaero,
662 2313 738 2396 quid
756 2314 818 2377 tibi
839 2335 860 2377 a
877 2335 929 2378 me
947 2314 1122 2396 probatum

113 2403 170 2484 sit,
195 2403 249 2466 sed
272 2401 349 2465 huic
373 2399 521 2465 Ciceroni
543 2405 670 2484 nostro,
693 2421 788 2484 quem
812 2401 1005 2485 discipulum
1028 2402 1121 2485 cupio

69 2515 97 2556 ss
113 2514 133 2554 a
155 2495 188 2553 te
212 2489 378 2554 abducere.

180 2577 264 2642 Tum
291 2576 421 2642 Lucius:
458 2577 540 2642 Mihi
562 2599 638 2642 vcro
665 2577 729 2640 ista
753 2577 848 2641 valde
875 2577 1014 2660 probata
1037 2579 1122 2658 sunt,
1132 2548 1174 2673 ἓξ

112 2665 199 2750 quod
222 2666 300 2729 item
323 2663 418 2729 fratri
440 2669 528 2748 puto.
578 2665 660 2729 Tum
687 2663 768 2730 mihi
790 2664 879 2730 Piso:
914 2664 998 2740 Quid
1022 2664 1121 2750 ergo?

112 2754 232 2836 inquit,
255 2753 354 2817 dasne
378 2753 577 2818 adulescenti
600 2753 750 2817 ueniam?
778 2773 820 2816 an
844 2773 916 2817 eum
939 2754 1062 2817 discere
1084 2773 1123 2817 ea

112 2842 231 2923 mavis,
253 2862 427 2924 quaecum
450 2841 545 2924 plane
567 2841 785 2924 perdidicerit,
807 2841 892 2904 nihil
911 2841 1014 2904 sciat?
1050 2839 1122 2925 Ego

70 2955 98 2994 ao
113 2951 192 2994 vero
229 2929 298 3006 isti,
331 2929 477 3012 inquam,
513 2928 681 3011 permitt03
719 2929 782 2993 sed*
805 2947 911 2994 nonne
946 2929 1123 2993 meministi

112 3018 210 3082 licere
233 3016 314 3080 mihi
337 3017 403 3080 ista
425 3016 577 3099 probare,
600 3035 681 3100 quae
705 3020 820 3080 sunta
841 3020 874 3082 te
897 3017 1005 3080 dicta?
1042 3016 1121 3091 Quis

112 3105 200 3170 enim
225 3107 342 3187 ‘potest
374 3102 425 3188 ea,
457 3125 539 3188 quae
571 3104 755 3186 probabilia
780 3103 951 3170 videantur
981 3103 1025 3186 ei,
1056 3123 1123 3168 non

112 3192 276 3276 probare?
321 3191 374 3257 An
396 3213 487 3276 vero,
509 3192 628 3276 inquit,
651 3193 821 3276 quisquam
844 3195 952 3275 potest
975 3191 1123 3274 probare,

114 3280 200 3364 quod
218 3282 419 3364 perceptum,
442 3279 529 3363 quod
548 3280 829 3362 comprehensum,
850 3279 937 3362 quod
956 3279 1122 3363 cognitum

71 3393 99 3433 aa
113 3389 177 3446 non
211 3367 332 3432 habet?
391 3367 466 3432 Non
498 3370 550 3430 est
584 3368 662 3450 ista,
697 3363 842 3451 inquam,
877 3367 967 3449 Piso,
1004 3386 1123 3450 magna

113 3456 281 3520 dissensio.
326 3453 418 3519 Nihil
446 3458 496 3518 ast
524 3455 610 3518 enim
634 3455 736 3538 aliud,
766 3475 862 3539 quarn
887 3455 929 3519 ob
951 3473 1020 3518 rem
1042 3453 1122 3517 inihi

112 3543 235 3627 percipi
253 3542 337 3608 nihil
360 3563 457 3626 posse
480 3542 638 3626 videatur,
660 3542 724 3607 nisi
748 3541 835 3626 quod
856 3541 1054 3625 percipiendi
1072 3543 1123 3605 vis
