2564 3950
355 203 422 259 ΜΒ.
442 203 488 259 IV.
517 203 594 259 csP.
613 209 699 258 e-v.
728 209 743 269 c
763 210 884 258 11-16.
1058 204 1122 269 207

113 365 208 441 Quod
240 365 325 430 idem
358 385 430 430 eum
462 365 563 430 vestri
594 365 731 448 iaciant,
762 387 828 430 non
860 366 939 430 satis
972 387 1123 450 magnam

112 453 265 518 tribuunt
286 453 510 518 inventoribus
534 454 683 538 gratiam.
1149 505 1169 567 6

184 539 245 606 Sed
274 541 354 604 haec
380 540 545 605 hactenus.
594 539 689 605 Nunc
715 540 895 623 videamus,
922 560 1054 624 quaeso,
1084 542 1179 628 de14

115 628 366 713 summobono,
396 628 482 712 quod
505 628 650 694 continet
671 627 926 711 philosophiam,
953 627 1029 711 quid
1051 633 1123 693 tan·

86 717 190 782 edem
209 716 369 794 attulerit,
392 737 487 798 quam
506 716 635 781 obrem
657 717 699 780 ab
717 715 939 780 inventoribus
956 719 1124 800 tamquam

116 804 345 887 aparentibus
368 802 563 868 dissentiret.
602 803 673 868 Hoc
696 803 797 887 igitur
819 803 905 886 loco,
928 824 1124 887 quamquam

116 915 137 956 a
158 897 206 974 te,
229 889 324 973 Cato,
347 890 521 974 diligenter
543 895 592 955 est
615 891 822 974 explicatum,
850 891 924 954 finis
947 890 1001 954 hic
1024 891 1123 956 bonc-

114 1001 189 1043 rum
211 982 245 1043 et
273 980 345 1062 quis
369 999 388 1043 a
411 977 528 1044 Stoicis
552 981 585 1042 et
612 999 707 1062 quem
730 978 770 1042 ed
796 978 928 1042 modum
956 979 1123 1061 diceretur,

116 1070 227 1132 tamen
255 1087 315 1150 ego
343 1087 469 1150 quoque
493 1087 666 1148 exponam,
689 1069 726 1130 ut
747 1066 994 1149 perspiciamus,
1017 1067 1045 1130 si
1068 1087 1125 1148 po·

71 1155 288 1236 noluerimus,
315 1153 468 1237 quidnam
492 1175 512 1218 a
534 1152 662 1218 Zenone
684 1154 763 1219 novi
786 1154 830 1217 sit
853 1155 995 1218 allatum.
1042 1150 1124 1218 Cum

117 1242 203 1308 enim
216 1241 422 1324 superiores,
453 1263 470 1304 e
493 1241 609 1325 quibus
631 1241 821 1324 planissime
843 1240 990 1325 Polemo,
1013 1263 1123 1307 secun·

116 1331 193 1394 dum
216 1332 363 1394 naturam
393 1329 500 1393 vivere
528 1351 688 1394 summum
716 1329 838 1393 bonum
866 1350 936 1394 esse
958 1329 1123 1406 dixissent,

115 1417 167 1482 his
200 1417 308 1482 verbis
339 1417 404 1481 tria
431 1415 607 1501 significari
635 1413 736 1481 Stoici
766 1415 890 1500 dicunt,
921 1439 1022 1481 unum
1055 1418 1123 1481 eius

117 1504 223 1588 modi,
258 1505 366 1569 vivere
407 1503 613 1569 adhibentem
650 1503 821 1568 scientiam
862 1523 971 1567 earum
1007 1525 1124 1586 rerum,

73 1619 102 1658 15
117 1613 198 1676 quae
216 1596 334 1658 natura
353 1591 530 1677 evenirent;
552 1590 638 1655 hune
661 1591 768 1674 ipsum
786 1589 923 1655 Zenonis
945 1591 1036 1655 aiunt
1055 1613 1124 1656 esse

116 1682 229 1764 linem,
252 1679 469 1745 declarantem
492 1679 585 1761 illud,
609 1678 694 1762 quod
717 1701 737 1742 a
759 1682 792 1742 te
815 1678 935 1742 dictum
959 1682 1021 1762 est,
1049 1699 1123 1744 con·

117 1769 283 1832 venienter
304 1771 438 1832 naturae
461 1767 582 1849 viver03
607 1767 744 1830 alterum
767 1765 1064 1849 significariidem,
1087 1769 1124 1830 ut
1143 1780 1178 1827 15

117 1856 145 1920 si
173 1856 346 1936 diceretur,
374 1855 481 1920 officio
510 1855 616 1918 media
644 1853 754 1918 omnia
785 1856 841 1916 aut
872 1852 1024 1936 pleraque
1057 1875 1123 1918 ser-

116 1947 249 2008 vantem
290 1942 407 2007 vivere.
469 1940 541 2007 Hoc
579 1941 625 2006 sic
662 1941 844 2024 expositum
880 1940 1036 2005 dissimile
1072 1946 1123 2005 est

74 2057 102 2096 so
116 2031 285 2114 superiori.
333 2029 420 2093 Illud
448 2029 534 2094 enim
560 2032 684 2094 rectum
712 2034 763 2092 est
794 2026 894 2113 (quod
920 2024 1123 2112 κατόρθωμα

115 2115 262 2202 dicebas)
280 2117 502 2202 contingitque
521 2116 661 2200 sapienti
680 2117 754 2199 soli,
772 2117 834 2181 hcc
853 2119 960 2180 autem
978 2115 1123 2180 inchoati
1183 2196 1185 2200 .

116 2205 283 2270 cuiusdam
306 2204 404 2270 officii
428 2208 492 2288 cst,
512 2226 579 2269 non
601 2204 749 2288 perfecti,
773 2203 858 2287 quod
877 2204 987 2269 cadere
1005 2205 1040 2268 in
1057 2225 1123 2268 non

115 2293 224 2359 nullos
253 2291 444 2375 insipientes
471 2294 589 2376 potest.
642 2291 788 2356 Tertium
821 2294 942 2376 autem,
972 2292 1123 2356 omnibus

117 2385 174 2446 aut
197 2379 346 2444 maximis
369 2380 464 2444 rebus
487 2380 543 2462 iis,
572 2400 655 2463 quae
678 2379 852 2443 secundum
874 2382 1025 2444 naturam
1049 2379 1122 2456 sint,

75 2494 102 2536 2⁵
116 2469 279 2533 fruentem
315 2467 432 2532 vivere.
485 2466 556 2532 Hoc
587 2488 656 2532 non
687 2470 737 2530 est
772 2466 915 2548 positum
946 2466 980 2528 in
1011 2470 1125 2531 nostre

117 2556 257 2640 actione3
280 2555 461 2639 completur
483 2555 569 2620 enim
592 2556 625 2618 et
648 2575 686 2617 ex
708 2574 745 2617 co
773 2574 888 2637 genere
911 2553 1011 2634 vitae,
1039 2553 1124 2635 quod

117 2643 239 2708 virtute
260 2641 392 2725 fruitur,
420 2645 453 2706 et
475 2663 514 2706 ex
536 2642 576 2707 iis
604 2642 712 2724 rebus,
740 2662 821 2725 quae
850 2644 927 2705 sunt
949 2640 1124 2705 secundum

43 2752 46 2757 ’
108 2734 270 2796 ¹naturam
301 2750 404 2812 neque
437 2732 512 2794 sunt
542 2730 577 2793 in
608 2733 721 2794 nostra
752 2731 922 2811 potestate.
968 2725 1031 2792 Sed
1062 2728 1124 2794 hoc

118 2840 278 2882 summum
294 2817 424 2899 bonum,
442 2816 527 2900 quod
544 2818 643 2882 tertia
657 2816 894 2900 significatione
913 2816 1124 2901 intellegitur,

76 2926 220 2990 meaque
243 2905 324 2987 vita,
353 2924 433 2988 quae
456 2925 495 2968 ex
518 2925 643 2968 summo
670 2904 756 2968 bono
779 2903 919 2989 degitur,
947 2905 1023 2987 quia
1050 2925 1123 2968 con-

117 2995 228 3058 iuncte
251 2993 281 3056 ei
303 2991 408 3056 virtus
431 2995 494 3074 est,
518 2991 552 3055 in
575 2992 754 3074 sapientem
778 2993 883 3056 solum
907 2992 1005 3073 cadit,
1033 2991 1123 3074 isque

118 3081 193 3144 finis
216 3079 389 3161 bonorum,
416 3082 454 3143 ut
476 3079 517 3142 ab
545 3079 625 3162 ipsis
649 3077 766 3143 Stoicis
789 3080 947 3161 scripturn
969 3079 1123 3160 videmus,

118 3190 138 3232 e
159 3166 341 3232 Xenocrate
365 3171 460 3251 atque
484 3167 525 3231 ab
546 3166 722 3230 Aristotele
745 3167 941 3231 constitutus
965 3169 1022 3230 est.
1058 3164 1123 3229 Ita·

117 3276 179 3340 que
207 3255 248 3318 cb
275 3253 317 3318 iis
345 3254 532 3319 constitutio
560 3253 618 3317 illa
644 3253 750 3337 prime
776 3257 923 3335 naturae,
952 3275 971 3316 a
1000 3273 1064 3334 quc
1087 3257 1123 3316 tu

78 3367 104 3410 re
118 3363 245 3427 quoque
270 3341 450 3425 ordiebare,
472 3340 524 3405 his
546 3362 647 3424 prope
669 3340 777 3406 verbis
801 3340 983 3423 exponitur:

185 3429 299 3494 Omnis
331 3432 448 3494 natura
478 3429 550 3492 vult
581 3449 651 3492 esse
679 3429 901 3492 conservatrix
931 3426 993 3508 sui,
1025 3429 1062 3490 ut
1091 3398 1177 3521 et176

118 3519 210 3582 salva
234 3516 278 3581 sit
300 3519 333 3580 et
355 3517 390 3580 in
412 3536 527 3599 genere
547 3519 752 3580 conservetur
772 3535 840 3580 suc.
876 3513 928 3577 Ad
949 3513 1033 3577 hanc
1056 3535 1123 3578 rem
