2574 3956
149 197 213 258 174
311 196 359 249 DE
378 193 523 249 FINIBUS
541 193 722 249 BONORUM
739 193 788 247 ΕΤ
806 191 990 246 MALORUM

148 379 217 422 esse
248 356 395 440 scissem,
426 357 466 420 ad
498 361 531 420 te
563 357 632 439 ipse
667 355 833 419 venissem.
888 351 981 436 Heri,
1016 353 1160 436 inquam,
1273 387 1274 420 r

146 445 232 510 ludis
257 445 435 509 commissis
460 466 498 509 ex
525 445 606 508 urbe
629 441 792 527 profectus
818 441 893 506 veni
916 441 956 504 ad
978 461 1159 523 vesperum.

149 531 255 597 Causa
286 537 395 598 autem
426 531 491 596 fuit
520 532 584 596 huc
618 531 783 613 veniendi,
818 534 856 594 ut
895 528 1051 612 quosdam
1082 527 1160 591 hinc

148 622 249 686 libros
286 642 475 706 promerem.
537 620 582 684 Et
618 619 759 702 quidem,
801 615 896 700 Cato,
931 617 1016 681 hanc
1053 618 1173 680 totam.
1274 653 1275 656 =

148 711 275 793 copiam
307 710 373 773 iam
405 707 538 772 Lucullo
574 711 688 771 nostro
724 710 834 770 uotam
874 727 943 770 esse
979 704 1185 788 oportebit35

147 820 222 863 nam
245 798 296 861 his
327 797 420 861 libris
443 817 516 859 eum
540 795 626 860 malo
650 817 747 878 quam
769 794 894 877 reliquo
919 796 1037 858 ornatu
1059 792 1158 856 uillae

148 885 310 949 delectari.
359 884 420 948 Est
448 884 535 948 euim
559 883 640 947 mihi
663 904 801 968 magnae
825 903 920 946 curae
946 879 1158 966 (quamquam

147 974 210 1038 hoe
236 972 365 1056 quidem
391 972 560 1055 proprium
586 975 679 1035 tuum
706 992 824 1036 munus
852 967 930 1055 est),
958 973 994 1033 ut
1016 969 1065 1032 ita
1089 990 1157 1031 eru-

148 1062 269 1144 diatur,
300 1063 336 1124 ut
367 1064 399 1124 et
431 1061 517 1142 patri
550 1063 582 1124 et
614 1057 769 1142 Caepioni
798 1061 910 1123 nostro
938 1061 972 1121 et
999 1056 1061 1121 tibi
1088 1061 1158 1120 tam

148 1149 329 1232 propinquo
351 1147 552 1229 respondeat.
587 1146 714 1211 Laboro
738 1151 846 1210 autem
863 1167 931 1211 non
953 1146 1021 1209 siue
1046 1165 1199 1226 causa31o
1276 1175 1277 1184 ¹

147 1257 224 1300 nam
248 1240 280 1299 et
303 1236 357 1299 avi
380 1235 447 1300 eius
471 1235 628 1301 memoria
652 1255 783 1300 moveor
807 1231 882 1320 (nee
905 1233 992 1297 enim
1016 1234 1159 1317 ignoras,

148 1323 260 1408 quanti
286 1321 417 1387 fecerim
445 1320 653 1406 Caepionem,
681 1323 750 1406 qui,
778 1326 814 1386 ut
842 1321 953 1406 opinio
981 1342 1053 1385 mea
1085 1320 1157 1403 fert,

148 1413 182 1475 iu
220 1411 420 1494 principibus
452 1411 517 1474 iam
550 1414 646 1494 esset,
680 1411 709 1474 si
746 1407 899 1493 viveret),
936 1413 970 1473 et
1004 1408 1155 1474 Lucullus

147 1498 228 1564 mihi
247 1503 394 1563 versatur
413 1500 630 1582 antecedet,
653 1498 703 1562 vir
722 1520 795 1562 cum
817 1498 967 1563 omuibus
987 1497 1156 1578 excellere,
1254 1570 1259 1577 ι

147 1593 217 1652 tum
241 1609 364 1652 mecum
388 1591 420 1652 et
448 1587 591 1652 amicitia
620 1589 652 1650 et
675 1586 764 1652 omni
788 1587 956 1652 voluntate
980 1586 1196 1652 sententia-15

113 1697 209 1760 aque
247 1676 444 1741 coniunctus.
505 1675 693 1758 Praeclare,
728 1674 848 1759 inquit,
884 1674 978 1756 facis,
1015 1696 1088 1739 oum
1126 1678 1159 1737 et
1278 1675 1279 1742 l

147 1786 258 1829 eorum
286 1765 476 1829 memoriam
502 1767 606 1846 tenes,
635 1784 770 1846 quorum
797 1766 930 1846 uterque
961 1762 1024 1826 tibi
1055 1766 1158 1826 testa-
1278 1769 1279 1774 ’

146 1856 257 1916 mento
285 1852 405 1916 liberos
433 1874 508 1917 suos
537 1849 787 1932 commendavit,
815 1853 849 1914 et
877 1871 1013 1934 puerum
1036 1849 1157 1935 diligis.

147 1940 241 2015 Quod
264 1943 370 2004 autem
394 1960 501 2003 meum
524 1961 639 2003 munus
662 1939 756 2020 dicis,
779 1960 845 2002 nou
864 1938 1012 2022 equidem
1033 1959 1157 2020 recuso,

147 2028 203 2091 sed
225 2031 258 2090 te
281 2027 422 2110 adiungo
446 2027 578 2091 socium.
614 2025 708 2091 Addo
728 2026 825 2090 etiam
843 2025 938 2109 illud,
962 2026 1065 2091 multa
1089 2026 1155 2089 iam
1171 2055 1197 2094 ao

147 2114 229 2178 mihi
259 2115 335 2178 dare
368 2115 463 2198 signa
490 2136 625 2196 puerum
654 2118 686 2178 et
713 2114 846 2198 pudoris
877 2117 909 2177 εὴ
937 2114 1073 2198 ingenii,
1101 2115 1157 2178 sed

147 2205 287 2266 aetatem
316 2201 414 2265 vides.
464 2201 567 2267 Video
595 2201 756 2285 equidem,
787 2203 935 2286 inquam,
964 2202 1019 2266 sed
1047 2206 1159 2266 tamen

147 2291 213 2354 iarn
240 2289 328 2354 infici
356 2290 452 2354 debet
479 2289 520 2354 iis
549 2290 688 2371 artibus,
717 2312 796 2373 quas
820 2290 861 2374 si,
885 2290 961 2355 dum
985 2292 1034 2354 est
1056 2294 1159 2374 tener,

147 2377 351 2461 combiberit,
384 2378 424 2442 ad
460 2378 585 2444 maiora
615 2379 724 2442 reniet
760 2379 913 2464 paratior.
950 2413 986 2425 -·
1022 2375 1087 2455 Sic,
1125 2382 1159 2442 et

147 2467 274 2550 quidem
298 2466 486 2550 diligentius
510 2467 700 2550 saepiusque
723 2467 788 2530 ista
805 2466 974 2551 loquemur
992 2466 1076 2529 inter
1096 2488 1156 2540 nos
1171 2495 1197 2535 aa

148 2575 341 2638 agemusque
374 2555 595 2620 communiter.
650 2553 712 2618 Sed
744 2554 935 2635 residamus,
971 2554 1091 2639 inquit,
1129 2555 1157 2620 si

147 2643 260 2725 placet.
305 2641 420 2727 Itaque
442 2644 587 2708 fecimus.

96 2710 128 2834 ᾗ,
213 2728 296 2792 Tum
323 2729 393 2794 ille:
434 2729 483 2793 Tu
511 2736 619 2794 autem
654 2751 725 2794 cum
751 2731 821 2814 ipse
844 2733 971 2794 tantum
1000 2730 1157 2795 librorum

147 2817 283 2898 habeas,
316 2829 395 2899 quo's
428 2816 481 2906 hic
517 2818 647 2882 taudem
686 2818 844 2902 requiris?
899 2815 1156 2883 Commentarios

148 2904 317 2987 quosdam,
335 2904 481 2988 inquam,
500 2905 721 2989 Aristotelios,
744 2926 824 2989 quos
842 2905 896 2970 hic
918 2906 1059 2971 sciebam
1078 2927 1156 2990 esee,
1169 2934 1196 2974 ro

147 2992 221 3057 veni
243 2995 281 3056 ut
304 2991 475 3074 auferrem,
503 3014 583 3076 quos
607 2993 761 3078 legerem,
791 2993 866 3058 dum
890 3015 995 3058 essem
1018 2995 1156 3080 otiosus3

148 3081 232 3164 quod
251 3079 380 3163 quidem
398 3080 493 3144 nobis
511 3103 578 3147 nou
597 3103 693 3164 saepe
707 3082 877 3166 contingit.
907 3081 1010 3158 Quam
1031 3082 1156 3166 vellem,

147 3168 266 3252 iuquit,
297 3171 329 3232 te
362 3167 401 3231 ad
435 3166 560 3233 Stoicos
592 3169 829 3235 inclinavisses!
883 3168 965 3234 Erat
997 3170 1096 3252 enim,
1129 3172 1157 3236 si

148 3258 350 3340 cuiusquam,
373 3259 459 3320 certe
478 3259 569 3320 tuum
587 3257 670 3320 nihil
689 3261 817 3340 praeter
835 3257 988 3323 virtutem
1008 3259 1043 3323 in
1062 3259 1156 3322 bonis

148 3344 269 3409 ducere.
319 3343 416 3428 Vide,
444 3365 485 3408 ne
513 3344 632 3428 magis,
661 3346 805 3429 inquam,
832 3348 925 3410 tuum
947 3345 1059 3429 fuerit,
1082 3368 1155 3410 cum
1170 3374 1197 3414 rs

146 3452 181 3493 re
200 3433 285 3496 idem
303 3433 378 3516 tibi,
402 3432 486 3516 quod
505 3432 598 3516 milri,
623 3433 796 3512 videretur,
819 3455 885 3498 nou
902 3454 987 3498 nova
1007 3438 1040 3497 te
1059 3435 1155 3499 rebus

147 3520 279 3582 uomina
293 3520 467 3604 imponere.
496 3519 593 3586 Ratio
608 3521 694 3584 enim
713 3525 828 3586 nostra
842 3521 1012 3604 consentit,
1030 3527 1157 3607 pugnat
