2568 3948
340 173 408 229 ΜΒ.
428 173 461 227 v.
490 165 566 226 cAP.
587 177 672 227 e-e.
702 177 856 236 §re-rr.
1040 169 1104 233 243

93 330 220 419 dentis,
253 355 348 419 quam
383 339 485 399 artem
517 335 603 398 vitae
638 354 708 398 esse
739 332 893 415 diximus,
929 334 964 397 in
996 354 1105 396 earum

11 419 13 516 i
93 425 197 489 trium
215 444 322 487 rerum
342 423 450 506 alique
471 426 630 505 versetur,
654 444 673 484 e
697 443 761 506 qua
780 421 882 485 totins
900 421 986 485 vitae
1010 421 1106 484 ducet

11 519 13 596 t
95 512 279 581 exordium·
326 509 376 576 Ex
409 532 446 575 eo
479 513 600 589 eutem,
634 508 719 593 quod
750 507 901 574 statuerit
927 529 1010 592 esse,
1041 529 1103 591 qno
1125 521 1157 568 19

11 623 12 684 ᾗ
94 601 239 683 primum
264 601 381 664 natura
412 601 593 681 moveatur,
625 597 760 662 exsistet
786 597 865 660 recti
894 596 993 660 etiem
1021 597 1104 660 retio

68 693 195 771 satque
221 687 364 768 honesti,
396 707 477 770 quae
506 707 577 750 cunr
607 685 717 769 aliquo
743 706 807 748 uno
835 706 874 748 ex
903 683 1007 748 tribus
1038 683 1104 748 illis

96 795 274 860 congruere
310 774 427 858 possit,
464 777 501 838 ut
537 777 593 837 snt
628 773 662 836 id
697 772 868 837 honesturn
905 773 964 855 sit,
1000 772 1114 848 facere,

96 863 208 950 omniu
229 862 407 946 voluptatis
432 883 541 944 causa,
567 861 696 925 etiamsi
719 882 790 924 enm
811 882 878 926 non
901 881 1105 944 consequare,

96 955 154 1016 cut
185 973 250 1016 non
282 950 423 1032 dolendi,
457 948 586 1013 etiamsi
621 949 655 1012 id
693 949 820 1032 assequi
857 970 1013 1032 nequeas,
1050 953 1106 1012 eut

97 1061 223 1120 eorum,
260 1059 342 1123 quae
380 1037 552 1102 secundum
588 1041 739 1101 naturam
776 1041 863 1116 sunt,
902 1036 1107 1120 adipiscendi,

55 1153 83 1191 ιο
97 1127 228 1192 etiamsi
246 1125 329 1190 nihil
348 1146 551 1210 consequere.
589 1123 640 1189 Ita
658 1125 705 1208 fit,
722 1127 767 1208 ut,
787 1128 908 1208 quante
926 1124 1107 1188 differentia

97 1219 148 1279 est
184 1215 219 1278 in
255 1214 420 1298 principiis
457 1213 675 1294 naturalibus,
710 1215 804 1278 tenta
840 1213 884 1277 sit
919 1213 953 1277 in
988 1212 1105 1278 finibus

95 1305 257 1367 bonorum
281 1302 502 1386 mulorumque
527 1300 764 1366 dissimilitudo.
809 1301 877 1365 Alii
901 1321 1029 1364 rursum
1064 1300 1106 1364 is·

97 1391 171 1454 dem
195 1413 214 1454 e
236 1389 405 1473 principiis
425 1411 519 1454 omne
539 1388 681 1454 officium
698 1388 838 1453 referent
857 1392 914 1452 eut
932 1389 973 1453 nd
995 1388 1106 1470 volup·

96 1482 201 1544 tatem
224 1478 344 1541 autad
367 1499 434 1542 non
457 1476 628 1542 dolendum
648 1479 703 1540 eut
725 1476 765 1540 ed
788 1476 894 1559 prime
916 1476 952 1540 ill
997 1497 1105 1540 secun-

11 1585 12 1592 *
57 1565 352 1631 stannaturam
386 1566 570 1630 obtinenda.
624 1564 791 1648 Expositis
823 1565 887 1628 iem
919 1498 1020 1648 igrffiur
1051 1585 1106 1628 sex
1125 1579 1159 1626 no

11 1709 12 1718 ,
98 1655 137 1718 de
162 1675 289 1718 summo
309 1655 395 1718 bono
415 1653 584 1718 sententiis
607 1650 706 1716 trium
725 1653 945 1734 proximarum
962 1650 997 1715 hi
1019 1653 1106 1735 prin·

11 1737 13 1818 ἶ
98 1742 201 1825 cipes:
224 1741 401 1824 voluptatis
420 1741 622 1824 Aristippus,
644 1761 712 1804 non
729 1739 857 1804 dolendi
878 1737 1107 1822 Hieronymus,

97 1829 225 1894 fruendi
243 1829 339 1893 rebus
358 1829 413 1912 iis,
436 1851 517 1912 ques
535 1829 657 1912 primas
677 1828 851 1892 seeundum
868 1831 1017 1892 naturam
1036 1849 1107 1891 esse

99 1917 252 1999 diximus,
281 1914 461 1981 Carneades
488 1937 555 1981 non
581 1917 636 1980 ille
664 1916 791 1999 quidem
820 1918 945 1998 auctor,
975 1916 1030 1980 sed
1054 1915 1134 1978 de·-

57 2032 84 2070 κο
98 2005 208 2069 fensor
235 2005 414 2069 disserendi
441 2027 538 2070 consu
564 2003 635 2067 fuit.
686 2002 874 2087 Superiores
906 2007 974 2067 tres
1007 2007 1107 2085 crunt,

99 2114 182 2178 quac
216 2113 284 2156 esse
322 2096 468 2176 possent,
505 2113 640 2176 quarum
677 2095 727 2156 est
762 2113 827 2156 nne
863 2092 932 2156 sole
967 2091 1107 2173 defensa,
1207 2095 1209 2100 ’

99 2202 201 2266 eaque
242 2179 456 2246 vehementer.
519 2179 605 2246 Nem
646 2180 826 2263 voluptatis
867 2201 964 2244 ceusu
1003 2178 1107 2244 facere

11 2271 12 2340 ζ
99 2269 223 2350 omnic,
242 2289 327 2350 cum,
350 2269 478 2342 etiamsi
496 2268 579 2332 nihil
603 2289 849 2352 consequemur,
872 2271 981 2351 tamen
998 2267 1107 2350 ipsum

11 2383 13 2450 ᾗ
98 2355 180 2420 illud
212 2355 381 2421 consilium
413 2357 461 2420 ite
495 2355 636 2420 faciendi
667 2377 725 2438 per
762 2377 795 2420 se
827 2355 1039 2438 expetendum
1075 2358 1109 2418 et

11 2453 13 2498 ἓ
58 2471 85 2508 25
100 2444 273 2510 honestum
296 2447 329 2508 et
351 2445 456 2509 solum
478 2445 600 2508 bonum
622 2444 678 2526 sit,
700 2464 794 2507 nemo
818 2442 908 2507 dixit.
953 2442 1002 2507 Ne
1026 2443 1107 2508 vite-

11 2617 12 2620 ,
99 2531 222 2614 tionein
255 2532 384 2615 quidem
417 2533 537 2598 doloris
573 2532 681 2614 ipsum
710 2552 767 2614 per
802 2553 836 2595 se
868 2530 1038 2614 quisquam
1073 2531 1108 2594 in

100 2620 195 2684 rebus
227 2619 413 2704 expetendis
442 2619 582 2702 putavit,
615 2619 679 2683 nisi
709 2619 807 2684 etiem
838 2619 959 2682 evitare
987 2622 1106 2701 posset.

99 2707 147 2771 At
163 2729 239 2772 vero
258 2708 364 2772 facere
384 2709 505 2790 omnis,
526 2711 564 2772 nt
584 2707 813 2790 adipiscemur,
832 2711 913 2790 quae
933 2706 1108 2771 secundum

99 2799 250 2860 naturam
279 2801 365 2878 sunt,
398 2795 525 2860 etiamsi
556 2817 594 2860 ee
623 2817 689 2860 non
721 2815 942 2879 assequemur,
973 2795 1006 2860 id
1039 2815 1108 2858 esse

61 2909 88 2950 so
102 2887 135 2948 et
162 2883 334 2948 honestum
361 2887 394 2947 et
421 2884 526 2949 solum
555 2905 613 2966 per
640 2877 674 2948 se
702 2883 913 2966 expetendum
941 2886 974 2946 et
1004 2883 1108 2947 solum

100 2972 222 3036 bonurn
247 2970 348 3036 Stoici
371 2971 490 3038 dicunt.
1020 3032 1021 3035 ,

167 3056 230 3124 Sex
252 3058 353 3142 igitur
376 3058 438 3124 hee
457 3063 533 3123 sunt
552 3058 713 3142 simplices
737 3059 775 3124 de
799 3081 924 3124 summe
946 3060 1107 3125 bonorum

100 3148 324 3230 malorumque
353 3147 544 3229 sententiae,
572 3147 653 3211 duae
681 3148 748 3212 sine
775 3151 926 3230 petrono,
956 3149 1108 3230 quattuor

101 3236 259 3300 defensae.
318 3233 450 3300 Iunctae
487 3239 594 3300 autem
635 3239 668 3298 et
707 3234 851 3318 duplices
888 3234 1108 3318 expositiones

62 3348 86 3388 se
102 3324 219 3388 summi
242 3322 321 3388 boni
343 3325 410 3387 tres
434 3323 565 3388 omnino
588 3322 731 3406 fuerunt,
755 3343 815 3386 uec
837 3342 913 3386 vero
935 3321 1057 3404 plures,
1081 3321 1109 3386 si

100 3411 230 3495 penitus
254 3432 361 3475 rerum
384 3415 534 3475 naturam
557 3410 679 3494 videas,
702 3431 772 3474 esse
794 3413 978 3493 potuerunt.
1024 3408 1108 3474 Nam

101 3503 158 3563 ent
180 3499 332 3586 voluptas
357 3499 488 3584 adiungi
511 3501 619 3582 potest
641 3498 680 3562 ed
708 3497 924 3580 honestatem,
951 3503 989 3562 ut
1012 3495 1108 3562 Calli·

896 3600 950 3654 16*

1133 3034 1153 3094 8

1126 3109 1157 3156 21
