2568 3948
349 210 415 265 LIB.
434 211 482 266 IV.
511 209 589 266 oAP.
609 218 714 266 8-10,
734 217 755 278 '5
774 219 895 268 20—26.
1061 216 1125 280 211

115 367 200 437 enim
224 371 372 454 interest,
396 372 539 456 divitias,
562 394 654 457 opes,
683 374 902 441 valetudinem
924 376 1011 441 bona
1039 377 1126 444 dieas

115 480 198 524 anne
221 460 422 544 praeposita,
445 481 518 525 oum
541 461 609 545 ille,
632 463 688 545 qui
710 462 775 527 ista
798 463 884 528 bona
906 463 999 545 dicit,
1022 465 1125 531 nihilo

114 548 190 631 plus
218 548 259 612 iis
287 549 412 612 tribuat
440 570 537 632 quam
563 553 615 633 tu,
641 549 697 634 qui
720 550 831 614 eadem
860 551 918 614 illa
940 554 1127 636 praeposita

114 636 287 701 nominas?
324 634 438 720 Itaque
461 636 559 702 horno
578 637 614 701 in
631 637 745 720 primis
768 638 928 722 ingenuus
951 641 984 702 at
1007 642 1125 723 gravis,

86 724 231 808 adignus
254 725 313 788 illa
331 723 554 789 familiaritate
573 722 734 809 Scipionis
754 730 787 790 et
804 725 918 806 Laelii,
942 726 1126 811 PanaetiuS,

114 833 187 876 oum
216 812 257 876 ad
284 811 322 887 Q.
346 812 549 878 Tuberonem
578 814 616 876 de
643 812 753 878 dolore
780 814 932 896 patiendo
961 815 1125 900 scriberet,

114 900 200 984 quod
224 921 294 965 esso
318 903 415 984 eaput
437 900 589 984 debebat,
612 901 640 964 si
662 901 795 984 probari
817 906 942 985 posset,
964 925 1124 986 nusquam

112 989 235 1071 posuit,
262 1010 329 1053 non
356 1010 426 1053 esse
453 989 576 1053 malum
603 988 760 1071 dolorem,
788 989 845 1054 sed
873 990 950 1073 quid
978 996 1063 1056 esset
1092 997 1125 1055 et

114 1077 221 1160 quale,
254 1076 472 1161 quantumque
505 1077 540 1140 in
572 1097 610 1140 eo
642 1080 728 1141 esset
755 1075 865 1162 alieni,
897 1078 1012 1142 deinde
1042 1101 1124 1162 quae

73 1164 199 1229 roratio
223 1167 309 1228 esset
326 1163 522 1247 perferendi3
547 1165 637 1229 ouius
656 1165 799 1247 quidem,
822 1167 976 1248 quoniam
995 1165 1123 1232 Stoicus

112 1251 189 1334 fuit,
213 1253 375 1318 sententia
396 1253 610 1317 condemnata
633 1252 714 1316 mihi
740 1253 869 1318 videtur
891 1275 962 1318 esre
984 1255 1123 1321 inanitas

113 1340 179 1404 ista
201 1340 380 1404 verborum.
868 1347 871 1364 ⁸

180 1425 243 1492 sed
270 1431 307 1492 ut
333 1427 466 1512 propius
496 1427 536 1493 ad
559 1448 611 1505 ea,
626 1425 735 1512 ⁵Cato,
758 1423 919 1511 acaedam,
943 1452 1025 1513 quae
1049 1454 1069 1496 a
1090 1436 1124 1495 te
1136 1408 1177 1533 122

113 1515 201 1580 diota
224 1519 312 1594 sunt,
335 1516 477 1599 pressius
497 1535 632 1600 agamus
652 1536 765 1598 eaque,
789 1537 870 1600 quae
889 1519 985 1582 modo
1004 1518 1124 1601 dixisti,

74 1629 100 1670 1⁵
114 1626 188 1668 oum
211 1603 253 1668 iis
277 1603 493 1687 conferamus,
521 1623 603 1688 quae
629 1603 694 1667 tuis
717 1606 888 1687 antepono.
935 1604 1023 1681 Quae
1049 1612 1124 1670 sunt

112 1692 222 1777 igitur
242 1693 424 1756 communia
451 1691 545 1757 vobis
573 1711 646 1754 eum
674 1691 831 1774 antiquis,
860 1691 901 1756 iis
925 1693 972 1756 sie
994 1696 1125 1758 utamur

113 1780 206 1863 quasi
237 1779 412 1862 concessis,
443 1800 525 1863 quae
557 1779 591 1842 in
622 1778 876 1843 controversiam
909 1781 1055 1858 ueniunt,
1084 1782 1123 1845 de

92 1867 167 1950 iis,
195 1868 223 1932 si
250 1868 370 1950 placet,
399 1867 602 1931 disseramus.
647 1864 730 1929 Mihi
758 1879 846 1944 vero,
874 1869 991 1951 inquit,
1017 1869 1124 1951 placet

113 1956 168 2040 agi
192 1955 344 2020 subtilius
369 1960 414 2035 et,
437 1958 475 2018 ut
495 1955 566 2038 ipse
590 1953 715 2036 dixisti,
738 1954 888 2037 pressius.
926 1955 1015 2032 Quae
1038 1959 1122 2021 enim

72 2069 98 2108 ao
113 2043 218 2108 adhue
240 2043 419 2127 protulisti,
442 2043 612 2128 popularia
635 2045 724 2124 sunt,
748 2063 807 2127 ego
832 2047 940 2107 autam
964 2066 983 2109 a
1005 2047 1038 2108 te
1061 2045 1123 2108 ele·

112 2131 265 2216 gantiora
293 2131 446 2196 desidero,
495 2130 526 2195 A
554 2151 646 2195 mene
672 2129 732 2194 tu?
758 2130 905 2214 inquam,
936 2132 992 2196 sed
1013 2134 1123 2197 tamen

6 2221 7 2224 ’
112 2219 220 2284 enitar
243 2222 289 2296 et,
312 2219 339 2282 si
362 2219 470 2283 minus
488 2219 592 2283 multa
610 2218 692 2282 mihi
710 2222 893 2302 occurrent,
915 2241 981 2284 non
998 2219 1122 2305 fugiam

15 2384 19 2390 Ι
110 2307 177 2372 ista
199 2307 379 2390 popularia.
416 2306 478 2371 Sed
499 2307 642 2389 positum
662 2306 705 2371 sit
727 2306 867 2389 primum
885 2312 1014 2372 nosmet
1031 2309 1121 2392 ipsos
1141 2327 1174 2375 25

113 2396 355 2460 commendatos
383 2416 453 2459 esse
480 2394 576 2458 nobis
603 2395 804 2476 primamque
832 2416 871 2457 ex
892 2398 1009 2458 natura
1038 2394 1122 2460 hano
1218 2439 1219 2442 =

72 2507 98 2546 aa
111 2483 234 2548 habore
261 2483 510 2566 appetitionem,
541 2484 578 2545 ut
610 2501 834 2546 conservemur
865 2485 994 2546 nosmet
1025 2483 1124 2566 ipsos.

112 2569 186 2636 Hoo
209 2570 370 2654 convenit3
394 2570 540 2654 sequitur
562 2568 655 2651 illud,
678 2572 715 2632 ut
738 2567 1045 2654 animadvertamus,
1067 2571 1123 2654 qui

114 2659 214 2722 simus
246 2659 324 2741 ipsi,
355 2662 392 2722 ut
423 2679 498 2740 nos,
529 2657 639 2740 quales
672 2659 802 2738 oportet
833 2677 918 2740 esse,
951 2679 1123 2723 servemus.
1204 2719 1206 2722 .

113 2745 230 2811 Sumus
249 2746 350 2831 igitur
368 2746 530 2828 homines3
548 2765 587 2808 ex
602 2745 710 2809 animo
725 2747 911 2809 constamus
928 2749 961 2809 et
980 2766 1122 2830 corpore,
1204 2788 1206 2790 -

10 2833 13 2838 ’
112 2855 195 2917 quae
219 2839 294 2898 sunt
316 2834 483 2898 cuiusdam
505 2833 607 2916 modi;
635 2853 759 2916 nosque
783 2834 927 2916 oportet,
953 2836 991 2897 ut
1018 2835 1123 2917 prima

71 2947 97 2987 30
112 2921 273 3006 appetitio
292 2921 450 2986 naturalis
473 2920 632 3004 postulat,
655 2920 735 2984 haeo
757 2920 891 3004 diligere
914 2922 1122 2986 constituere·

112 3031 174 3094 que
207 3030 246 3074 ax
277 3008 328 3074 his
360 3009 458 3075 finem
488 3008 581 3074 illum
614 3008 731 3072 summi
762 3008 840 3073 boni
873 3010 969 3092 atque
1001 3009 1122 3091 ultimi3

112 3119 223 3181 quem,
250 3097 279 3160 si
306 3097 412 3180 prima
437 3118 513 3162 vera
540 3098 629 3178 sunt,
656 3095 703 3160 ita
726 3095 880 3160 constitui
908 3117 1040 3160 necessa
1063 3101 1123 3177 est,

112 3207 224 3251 aarum
255 3205 377 3269 rerum,
408 3197 489 3270 quae
522 3183 587 3247 sint
618 3183 791 3248 seeundum
823 3186 987 3267 naturam,
1026 3205 1122 3266 quam

111 3273 255 3357 plurima
276 3276 309 3337 et
332 3295 430 3358 quam
446 3271 588 3338 maxima
610 3270 753 3354 adipisci.
791 3269 886 3334 Hune
903 3271 1005 3354 igitur
1023 3269 1121 3334 finem
1140 3287 1174 3336 as

70 3387 97 3427 aa
111 3362 163 3426 illi
176 3365 364 3446 tenuerunt3
382 3361 530 3444 quodque
545 3379 605 3443 ego
619 3358 767 3441 pluribus
784 3358 900 3441 verbis,
918 3359 967 3422 illi
982 3358 1122 3440 brevius,

112 3449 287 3516 seeundum
307 3454 459 3520 naturam
477 3449 597 3530 vivere,
619 3446 681 3512 hoo
704 3446 744 3514 iis
768 3447 928 3511 bonorum
951 3444 1122 3511 videbatur

36 3561 40 3568 ·
113 3542 300 3603 extremum.

907 3637 962 3692 14*
