2574 3956
159 180 222 254 136
320 191 368 245 DE
388 191 532 246 FlNlBUS
550 190 730 246 BONORUM
747 191 796 245 ET
815 191 998 246 MALORUM

156 353 215 415 illa
233 350 361 435 quidem
380 353 555 435 depravata
573 352 660 416 mala
679 351 862 436 disciplina,
886 352 942 418 sed
959 356 1077 418 natura
1100 373 1168 416 sua.

156 438 225 503 Nec
256 461 331 504 vero
364 443 401 505 ut
432 439 635 522 voluptatem
662 443 804 523 expetat,
831 444 949 505 natura
981 443 1088 504 movet
1119 440 1168 503 in·

156 527 295 610 fantem,
323 527 379 593 sed
405 530 534 592 tantum
561 531 598 592 ut
625 549 659 591 se
686 527 756 611 ipse
785 527 912 612 diligat,
940 532 978 593 ut
1003 528 1168 611 integrum

159 636 193 679 se
221 615 408 699 salvumque
434 615 521 679 velit.
575 613 677 679 Omne
705 615 791 680 enim
821 617 954 698 animal,
987 615 1083 678 simul
1117 619 1169 678 est

158 707 278 782 ortum,
315 707 349 767 et
385 724 421 766 se
454 702 562 785 ipsum
594 706 626 766 et
658 724 768 767 omnes
805 707 915 787 partes
952 725 1027 768 suas
1060 701 1198 786 diligite

158 789 315 874 duasque,
341 812 423 874 quae
450 790 609 855 maximae
638 794 727 874 sunt,
753 791 788 856 in
815 792 930 875 primis
953 791 1169 874 amplectitur,

158 879 303 942 animum
337 884 369 943 et
402 899 532 963 corpus,
566 877 679 942 deinde
711 879 877 963 utriusque
910 882 1028 962 partes.
1082 877 1169 942 Nam

159 970 234 1030 sunt
262 968 294 1029 et
320 966 356 1031 in
383 967 491 1032 animo
519 966 693 1049 praecipua
721 967 879 1050 quaedam
906 971 939 1031 et
965 967 1000 1030 in
1025 987 1169 1048 corpore,

158 1075 241 1137 quae
269 1075 342 1118 cunr
368 1054 483 1118 leviter
512 1054 658 1138 agnovit,
687 1057 758 1118 tum
780 1055 959 1119 discernere
973 1053 1109 1136 incipit,
1128 1056 1169 1116 ut

159 1163 210 1225 ea,
232 1163 315 1224 quae
337 1141 444 1223 prima
466 1141 542 1205 data
565 1142 630 1206 sint
652 1144 781 1223 natura,
809 1145 942 1226 appetat
965 1144 1212 1225 aspernetur-10

105 1247 140 1296 34
159 1250 220 1312 que
252 1228 424 1292 contraria.
478 1227 516 1292 In
547 1228 599 1292 his
631 1229 745 1311 primis
778 1230 982 1294 naturalibus
1018 1230 1169 1312 voluptas

158 1315 237 1380 insit
263 1336 376 1399 necne,
403 1335 523 1399 magna
551 1316 697 1400 quaestio
726 1319 784 1381 est.
833 1316 926 1382 Nihil
953 1338 1028 1381 vero
1053 1320 1169 1400 putare
1269 1344 1270 1374 i

159 1425 229 1467 esse
256 1406 385 1487 praeter
416 1403 630 1488 voluptatem,
661 1426 729 1469 non
759 1405 918 1489 membra,
949 1426 1015 1469 non
1048 1425 1169 1487 sensus,
1270 1430 1271 1474 l

158 1513 224 1560 non
250 1491 373 1574 ingenii
400 1496 538 1575 motum,
568 1513 634 1556 non
660 1492 882 1576 integritatem
913 1492 1070 1575 corporis,
1102 1491 1170 1556 non
1271 1515 1272 1538 ¹

159 1579 390 1663 valetudinem,
418 1600 562 1644 summae
589 1578 670 1644 mihi
697 1580 824 1644 videtur
854 1580 1010 1645 inscitiae.
1060 1579 1169 1663 Atque
1184 1606 1212 1646 rs

160 1667 200 1730 ab
232 1668 296 1732 isto
329 1668 434 1751 cupite
466 1668 564 1732 fluere
599 1689 727 1732 necesse
760 1672 810 1732 est
846 1690 973 1732 omnem
1008 1668 1168 1732 rationem

159 1757 317 1821 bonorum
341 1759 373 1820 et
395 1757 564 1821 malorum.
609 1754 776 1820 Polemoni
800 1759 832 1819 et
855 1757 920 1820 iam
944 1759 1018 1820 ante
1041 1755 1169 1820 Aristo·
1274 1787 1275 1828 t

159 1843 217 1907 teli
240 1865 277 1908 ea
300 1844 406 1926 prima
429 1843 503 1908 visa.
523 1848 612 1926 sunt,
635 1864 716 1927 quae
739 1844 837 1926 paulo
861 1848 936 1908 ante
958 1843 1035 1907 dixi.
1079 1842 1168 1927 Ergo

158 1935 237 1995 nata
265 1935 315 1994 est
342 1932 503 1996 sententia
527 1935 671 1997 veterum
694 1931 960 1996 Academicorum
984 1934 1017 1995 et
1038 1930 1168 2013 Peripa

160 2019 343 2102 teticorum,
370 2023 407 2082 ut
433 2020 530 2083 finem
557 2019 716 2084 bonorum
743 2019 885 2084 dicerent
913 2019 1086 2084 seeundum
1114 2041 1168 2082 na·
1184 2047 1212 2086 aa

159 2109 268 2170 turam
294 2106 414 2189 vivere,
441 2106 474 2170 id
502 2111 552 2171 est
579 2106 700 2172 virtute
733 2106 878 2171 adhibita
908 2106 974 2172 frui
1005 2106 1118 2190 primis
1150 2129 1169 2171 a

159 2196 277 2258 natura
300 2192 392 2257 datis.
429 2191 578 2276 Callipho
599 2195 639 2258 ad
658 2195 812 2259 virtutem
833 2195 918 2259 nihil
942 2194 1089 2259 adiunxit
1105 2195 1170 2259 nisi

159 2281 373 2364 voluptatem,
402 2281 564 2346 Diodorus
587 2283 781 2347 vacuitatem
807 2283 926 2347 doloris
930 2329 1068 2347 .......
1108 2281 1169 2347 His

161 2369 324 2452 omnibus,
347 2391 427 2453 quos
451 2370 530 2454 dixi,
552 2373 782 2454 consequentes
802 2375 877 2436 sunt
899 2370 980 2435 fines
1003 2370 1170 2454 bonorum,

159 2457 328 2541 Aristippo
347 2458 484 2542 simplex
501 2458 666 2541 voluptas,
690 2457 806 2523 Stoicis
826 2458 1007 2524 consentire
1024 2462 1170 2540 naturae,
1183 2485 1210 2526 aa

160 2545 245 2629 quod
278 2567 347 2610 esse
375 2546 490 2612 volunt
517 2567 533 2610 e
561 2546 694 2625 virtute,
726 2546 760 2609 id
792 2549 843 2610 est
874 2545 1022 2627 honeste,
1053 2546 1170 2629 vivere,

160 2632 290 2715 quodt
262 2633 290 2698 it
291 2656 311 2697 a
327 2634 596 2717 interpretantur:
610 2633 718 2697 vivere
732 2655 805 2699 cum
823 2633 1044 2718 intellegentia
1061 2655 1170 2698 rerum

161 2741 284 2803 earum,
320 2742 401 2803 quae
432 2727 549 2786 natura
581 2721 759 2804 evenirent,
796 2721 969 2806 eligentem
1001 2743 1051 2804 ea,
1087 2743 1170 2806 quae

161 2810 269 2870 essent
306 2809 479 2872 secundum
514 2811 678 2893 naturam,
712 2772 961 2893 reicientemque
998 2810 1170 2874 contraria.

106 2914 141 2962 35
160 2894 249 2959 ltat
234 2881 300 2958 tres
324 2899 400 2959 sunt
422 2897 502 2960 fines
522 2900 667 2979 expertes
686 2897 881 2980 honestatis,
903 2919 986 2960 unus
1008 2896 1170 2981 Aristippi
1184 2926 1213 2965 ao

161 2983 211 3047 vel
240 2982 386 3065 Epicuri,
414 2984 496 3048 alter
522 2983 728 3068 Hieronymi,
757 2982 916 3066 Carneqdi
937 2984 1066 3063 tertius,
1092 2988 1170 3068 tres,

160 3072 194 3135 in
217 3070 332 3155 quibus
355 3070 471 3135 honest
457 3075 508 3135 tas
532 3094 605 3135 cum
626 3072 736 3155 aliqua
759 3073 954 3154 accessione,
975 3072 1169 3155 Polemonis,

161 3156 390 3242 Calliphontis,
413 3157 561 3242 Diodori,
584 3181 648 3224 una
667 3160 815 3243 simplex,
837 3160 926 3225 cuius
945 3159 1031 3224 Zeno
1049 3163 1170 3240 auctor,

61 3287 66 3296 ·
159 3247 269 3330 posita
300 3247 334 3310 in
370 3247 482 3311 decore
512 3250 597 3329 tota,
628 3247 662 3311 id
696 3252 746 3312 est
778 3248 813 3311 in
847 3247 1026 3314 honestate.
1083 3247 1169 3314 Nam

159 3334 299 3418 Pyrrho,
322 3333 447 3413 Aristo,
470 3333 594 3398 Erillus
616 3335 682 3399 iam
705 3335 760 3399 diu
782 3335 908 3400 abiecti.
952 3334 1082 3419 Reliqui
1105 3337 1170 3401 sibi
1183 3361 1210 3402 aa

161 3422 386 3501 constiterunt,
414 3426 452 3486 ut
477 3425 622 3487 extrema
655 3444 728 3487 cum
755 3423 856 3486 initiis
885 3423 1106 3507 convenirent,
1132 3429 1170 3489 ut

158 3508 327 3592 Aristippo
351 3510 515 3594 voluptas,
538 3509 739 3602 Hieronymo
763 3509 884 3575 doloris
907 3511 1067 3596 vacuitas,
1091 3509 1169 3576 Oar-
