2564 3950
156 137 223 218 '328
353 150 649 208 ruscunsnnauu
669 151 972 208 niseumnouun

157 315 290 399 ceperit,
320 335 387 378 non
414 313 498 378 idem
526 313 650 398 reliqua
677 313 789 379 eodem
817 315 925 380 studio
949 321 1171 400 persequetur.

123 419 138 464 2
159 401 219 466 Sed
237 406 347 467 tamen
366 402 400 466 in
419 401 488 466 vita
506 405 662 485 occupata
681 406 791 486 atque,
813 407 851 468 ut
868 401 1077 487 Neoptolemi
1100 409 1172 469 turn

158 495 241 576 erat,
268 489 401 555 militari
434 510 537 573 pauca
563 489 634 573 ipsa
666 490 808 556 multum
840 513 935 574 saepe
966 497 1108 575 prosunt
1140 497 1173 558 at

157 579 265 644 ferunt
287 578 425 660 fructus,
449 577 477 642 si
500 599 566 642 non
588 581 713 663 tantos,
736 578 850 662 quanti
869 601 908 644 ex
925 580 1078 646 universa
1100 579 1172 664 phi-

157 667 307 751 losophia
329 665 452 750 percipi
474 669 624 749 possunt,
646 670 757 731 tamen
774 687 844 750 eos,
867 667 982 750 quibus
1001 667 1115 751 aliqua
1133 689 1197 734 exc

157 758 248 838 parte
280 753 442 818 interdum
474 758 530 817 aut
567 753 746 837 cupiditate
779 758 836 818 aut
873 754 1078 839 aegritudine
1116 760 1174 820 aut
1275 777 1276 826 l

158 847 247 907 metu
268 842 457 925 liberemur3
485 841 575 905 velut
598 863 636 906 ex
660 863 698 906 ea
720 841 956 926 disputatione,
983 864 1065 926 quae
1089 843 1174 908 mihi
1275 853 1276 880 ¹

157 929 503 1101 ltttlllttttl
516 928 622 1101 Τζέἓέ
623 929 708 1082 tt
726 929 1088 1084 tlttttltt‘t
1090 932 1174 1084 ⁰31¹?

215 1067 217 1070 ,
497 1067 507 1100 ,
1275 1065 1276 1078 ,

158 1129 247 1170 mum
266 1109 354 1170 metu
376 1104 589 1170 liberandum.
625 1103 719 1188 Nam
734 1105 790 1189 qui
809 1105 856 1189 id,
879 1105 964 1192 quod
981 1106 1081 1171 vitari
1104 1128 1173 1171 non
1187 1133 1211 1171 rc
1275 1107 1276 1178 ξ

108 1200 113 1207 “
158 1198 282 1277 potest,
310 1193 439 1276 metuit,
467 1193 495 1256 is
527 1193 634 1257 vivere
667 1193 775 1258 animo
808 1193 917 1278 quieto
949 1194 1044 1258 nullo
1072 1194 1173 1258 modo
1275 1201 1276 1248 ἶ

157 1285 279 1364 potest3
312 1280 368 1345 sed
400 1280 479 1364 qui,
501 1301 566 1345 non
597 1280 693 1346 modo
725 1281 802 1365 quia
833 1302 963 1346 necesse
997 1285 1047 1346 est
1079 1283 1174 1365 mori,
1275 1311 1276 1316 ¹

159 1391 268 1433 verum
292 1369 391 1433 etiam
414 1369 490 1452 quia
512 1367 595 1433 nihil
618 1368 718 1434 habet
736 1389 837 1450 mors,
860 1369 945 1452 quod
968 1369 1013 1434 sit
1035 1368 1172 1453 horren·
1275 1385 1276 1388 ’

159 1458 248 1540 dum,
271 1461 408 1522 mortem
431 1479 496 1522 non
518 1457 627 1541 timet,
657 1477 812 1542 magnum
835 1457 862 1520 is
887 1457 949 1521 sibi
972 1457 1174 1542 praesidium

123 1545 199 1610 aad
227 1545 358 1610 beatam
386 1546 487 1610 vitam
516 1548 690 1628 comparat.
735 1543 939 1628 Quamquam
968 1566 1035 1610 non
1058 1567 1173 1611 sumus
1189 1572 1212 1611 15

158 1635 264 1719 ignari
300 1634 419 1700 multos
457 1632 600 1698 studiose
637 1635 750 1698 sonna
785 1653 854 1698 esse
891 1633 1049 1716 dicturos3
1085 1635 1174 1718 quod

158 1724 261 1786 vitare
288 1720 378 1786 iiullo
407 1721 502 1786 modo
529 1720 708 1804 potuimus,
735 1720 799 1784 nisi
825 1719 908 1784 nihil
937 1721 1069 1786 omnino
1093 1723 1175 1786 scri·

158 1809 314 1875 heremus.
359 1810 490 1874 Etenim
514 1809 543 1872 si
566 1808 743 1892 orationes,
766 1829 845 1891 quas
868 1830 928 1874 nos
952 1809 1174 1874 multitudinis
1275 1839 1276 1842 ¹

158 1899 278 1964 iudicio
314 1898 447 1980 probari
478 1895 666 1961 volebamus
700 1895 879 1980 (popularis
912 1900 962 1961 est
994 1897 1081 1980 enim
1113 1898 1174 1962 illa

158 1987 307 2070 facultas,
330 1989 363 2050 ct
386 1986 517 2049 effectus
542 1983 745 2068 eloquentiae
765 1988 816 2048 est
834 1984 1034 2050 audientium
1056 1985 1173 2069 adpro·
1188 2012 1214 2051 a
1275 2023 1276 2072 ,

158 2073 264 2160 batio)
283 2109 325 2120 -
345 2072 401 2136 sed
419 2073 447 2136 si
465 2072 709 2156 reperiebantur
726 2093 792 2136 non
810 2073 905 2156 nulli,
928 2075 983 2157 qui
1001 2073 1087 2138 nihil
1105 2074 1174 2138 lau·

159 2163 284 2246 darent,
307 2160 370 2224 nisi
393 2160 478 2244 quod
501 2181 535 2224 se
558 2160 681 2224 imitari
703 2181 797 2243 posse
826 2160 1035 2246 confiderent,
1063 2182 1174 2244 quem·

159 2271 219 2334 que
243 2247 394 2332 sperandi
417 2248 492 2331 sibi,
520 2248 656 2330 eundem
678 2246 760 2312 benc
783 2247 909 2313 dicendi
932 2249 1030 2313 finem
1052 2271 1173 2333 propo·
1275 2255 1276 2280 ³

157 2341 270 2402 nerent
297 2338 341 2420 et,
370 2358 442 2402 cum
466 2338 678 2401 obruerentur
700 2336 794 2419 copia
817 2337 1051 2400 sententiarum
1074 2341 1174 2421 atque

158 2426 344 2509 verborum,
367 2425 571 2491 ieiunitatem
594 2429 625 2490 et
647 2424 767 2488 famem
791 2445 825 2488 se
844 2424 942 2489 malle
960 2446 1059 2509 quam
1076 2425 1172 2490 uber·
1187 2453 1214 2493 ss

158 2518 262 2578 tatem
285 2517 318 2579 et
341 2513 468 2597 copiam
499 2513 656 2596 dicerent,
681 2510 766 2576 unde
793 2515 863 2577 erat
891 2516 1040 2577 exortum
1068 2531 1173 2597 genus
1271 2513 1276 2596 l

159 2603 345 2668 Atticorum
377 2603 418 2665 iis
450 2601 546 2685 ipsis,
578 2601 633 2685 qui
664 2599 697 2663 id
730 2600 821 2684 sequi
854 2621 887 2664 se
925 2600 1175 2686 profitebantur,

159 2692 321 2776 ignotum,
353 2690 408 2774 qui
439 2689 505 2753 iam
538 2689 761 2753 conticuerunt
791 2708 893 2770 paene
925 2688 967 2752 ab
995 2688 1067 2772 ipso
1098 2688 1175 2756 foro
1275 2729 1276 2756 r

125 2779 267 2843 linrisi:
295 2777 371 2862 quid
401 2776 546 2841 futurum
573 2779 740 2860 putemne,
768 2796 839 2839 cum
868 2775 1015 2840 adiutore
1041 2779 1176 2862 populo,

160 2890 223 2952 quo
246 2867 418 2931 utebamur
437 2868 544 2948 antea,
566 2870 650 2928 nunc
668 2863 800 2928 minime
819 2885 879 2928 nos
897 2865 947 2928 uti
969 2885 1066 2948 posse
1084 2865 1174 2930 vide·
1188 2891 1217 2932 sc
1275 2869 1276 2954 ζ

160 2954 275 3020 amus?
319 2953 382 3018 nst
405 2953 490 3017 enim
513 2951 722 3036 philosophia
748 2951 860 3034 paucis
885 2955 1037 3019 contenta
1058 2953 1175 3020 iudici·

159 3045 233 3126 bus,
256 3041 494 3106 multitudinem
518 3041 666 3108 consulto
688 3040 761 3123 ipsa
782 3039 911 3124 fugiens
935 3041 1027 3126 eique
1050 3043 1114 3125 ipsi
1139 3045 1175 3106 et

160 3135 312 3215 suspecta
344 3133 376 3194 et
406 3129 523 3208 invisa,
558 3133 608 3213 ut,
639 3129 690 3195 vel
718 3127 746 3192 si
777 3129 849 3211 quis
877 3130 1061 3194 universam
1093 3130 1176 3194 velit
1275 3179 1276 3190 ,

158 3221 355 3304 vituperare,
377 3215 517 3282 seeundo
540 3217 574 3281 id
597 3217 717 3300 populo
739 3213 845 3279 facere
867 3217 989 3300 possit,
1012 3219 1063 3282 vel
1087 3219 1115 3282 si
1138 3218 1175 3282 in

159 3329 244 3390 eam,
273 3327 369 3389 quam
396 3327 456 3369 nos
484 3304 623 3369 maxime
647 3302 822 3394 sequimur,
853 3307 987 3368 conetur
1010 3305 1174 3388 invadere,
1188 3331 1214 3371 cs

159 3415 279 3480 magna
312 3392 431 3458 habere
461 3393 566 3476 possit
598 3391 717 3455 auxilia
743 3410 765 3454 a
796 3390 994 3475 reliquorum
1027 3392 1173 3476 philoso-

118 3482 298 3567 2phorum
317 3480 507 3564 disciplinis.
543 3477 612 3544 Nos
632 3481 740 3550 autem
754 3477 922 3544 universae
942 3478 1173 3564 philosophiae
