2564 3952
9 629 11 656 l

9 657 11 736 l

341 211 409 268 LIB.
428 212 463 266 ΙΙ.
491 211 568 266 CAP.
588 219 709 268 17—19.
742 218 758 278 ὅ
776 220 899 270 41-45,
1059 215 1125 281 345

113 374 186 440 viro
208 375 328 458 virtus,
350 375 412 439 viri
436 378 545 440 autem
567 376 700 460 propria
722 377 861 440 maxime
884 380 935 441 est
958 377 1125 462 fortitudo,

114 464 204 527 cuius
238 483 373 528 munera
404 463 467 526 duo
500 467 576 528 sunt
607 463 762 547 maxima,
794 465 908 530 mortis
940 465 1124 550 dolorisque

114 551 319 634 contemptio.
363 549 526 616 Utendum
550 555 600 616 est
621 552 723 636 igitur
745 552 811 636 his,
834 554 862 618 si
884 553 1015 618 virtutis
1039 575 1124 619 com·

114 642 223 722 potes,
253 639 305 704 vel
336 638 444 722 potius
475 639 504 703 si
533 639 596 704 viri
626 640 775 707 volumus
798 662 891 721 vasae,
921 642 1075 726 quoniam
1105 665 1125 708 a

88 727 195 792 aviris
227 727 330 792 virtus
363 747 482 792 nomen
514 732 565 792 est
597 729 753 793 mutuata.
807 728 947 805 Quaeres
978 729 1124 814 fortasse,

8 813 18 858 l
115 815 298 900 quomodo,
316 818 349 879 et
367 820 466 900 recte3
484 815 585 880 talem
605 816 690 880 enirn
707 817 898 882 medicinam
917 816 1124 902 philosophia

6 1370 13 1638 i

4 2203 5 2208 ,
76 2166 102 2205 ao
116 2139 277 2205 luctatus?
324 2137 426 2204 ‘Bene
453 2140 549 2222 plane
572 2161 709 2224 magnus
733 2139 812 2204 mihi
838 2140 966 2224 quidem
989 2141 1124 2225 videtur,
1173 2155 1182 2174 ·

114 903 293 987 profitetur.

180 989 280 1056 Venit
306 991 482 1076 Epicurus,
509 993 607 1058 homo
635 993 768 1060 minime
794 994 899 1057 malus
931 994 982 1057 vel
1014 995 1123 1077 potius

7 1087 8 1142 l
114 1080 165 1144 vir
188 1080 343 1164 optimus;
365 1084 494 1146 tantum
516 1085 639 1164 monet,
663 1084 820 1164 quantum
842 1081 1013 1166 intellegit.
1049 1081 1123 1146 ‘Ne-

7 1205 9 1286 ,
73 1167 240 1253 ro'glege',
264 1168 381 1252 inquit,
405 1167 586 1234 ‘dolorem'
622 1169 702 1245 Quis
725 1168 787 1233 hoc
806 1168 907 1234 dicit?
943 1169 1047 1254 Idem,
1069 1172 1124 1254 qui

114 1257 260 1322 dolorem
300 1277 461 1321 summum
501 1257 632 1322 malum.
699 1256 763 1322 Vix
804 1258 884 1322 satis
931 1262 1125 1324 constanter.

115 1343 301 1410 Audiamus.
352 1343 403 1409 ‘Si
432 1367 576 1410 summus
603 1346 694 1411 dolor
722 1345 801 1429 cst’,
829 1345 948 1430 inquit,
978 1345 1125 1413 ‘brevem

113 1453 245 1501 necesse
268 1436 318 1497 est
344 1432 434 1497 esse?

181 1555 374 1620 Iteradum
398 1557 525 1622 eadem
551 1557 631 1622 ista
653 1558 762 1623 mihi!

5 1725 7 1770 3
75 1725 101 1764 ιε,
115 1719 181 1763 non
208 1698 294 1762 enirn
321 1698 402 1763 satis
429 1698 599 1784 intellego,
630 1698 706 1782 quid
737 1721 898 1764 summum
928 1699 1016 1764 dicas
1045 1721 1125 1784 esse,

115 1787 193 1870 quid
215 1787 321 1851 breve.
357 1785 554 1870 ‘Summum
576 1809 640 1870 quo
661 1787 745 1852 nihil
768 1789 811 1851 sit
833 1788 995 1870 superius,
1018 1788 1125 1872 breve,

116 1895 178 1959 quo
206 1873 288 1940 nihil
314 1875 453 1940 brevius.
504 1873 682 1940 Contemno
710 1875 967 1960 magnitudinem
995 1875 1124 1960 doloris,

116 1985 136 2027 a
162 1984 226 2047 qua
257 1984 309 2027 mc
336 1963 477 2028 brevitas
508 1965 665 2046 temporis
697 1963 876 2028 vindicabit
908 1967 983 2028 ante
1015 1985 1125 2048 paene,

115 2062 212 2136 quarn
234 2049 380 2115 venerit'
417 2049 479 2116 Sed
502 2051 531 2115 si
554 2054 604 2116 est
625 2055 736 2117 tantus
759 2051 867 2135 dolor,
890 2056 1030 2137 quantus
1048 2051 1124 2116 Phi-

117 2227 172 2293 sed
198 2231 309 2292 tamen
333 2249 401 2292 non
429 2249 585 2314 summum
618 2227 701 2292 nihil
730 2229 814 2293 enim
846 2228 934 2292 dolet
959 2229 1023 2293 nisi
1054 2251 1125 2313 pes3

15 2351 34 2373 ι
115 2319 252 2400 possunt
270 2315 368 2395 oculi,
390 2318 500 2399 potest
518 2319 626 2400 caput,
644 2317 761 2399 latera,
782 2316 965 2400 pulmones,
987 2321 1125 2401 possunt

116 2405 233 2470 omnia.
281 2402 393 2488 Longe
419 2403 522 2488 igitur
547 2404 640 2467 abest
663 2425 682 2467 a
705 2425 831 2468 summo
863 2403 981 2468 dolore.
1026 2403 1125 2488 Erga,
1205 2475 1211 2482 .

115 2492 234 2576 inquit,
270 2491 361 2556 dolor
397 2491 566 2556 diuturnus
601 2491 702 2555 habet
733 2490 878 2555 laetitiae
917 2491 990 2573 plus
1027 2513 1124 2575 quarn

76 2597 102 2644 aa
116 2579 307 2646 molestiae?
352 2578 447 2644 Nunc
470 2599 532 2664 ego
555 2599 621 2644 non
647 2600 780 2663 possum
807 2581 936 2642 tantum
957 2578 1122 2643 hominem

115 2668 199 2734 nihil
231 2689 342 2752 sapere
374 2667 494 2750 dicere,
528 2667 583 2732 sed
616 2689 676 2733 nos
714 2667 755 2730 ab
791 2689 829 2732 eo
868 2664 1005 2730 derideri
1037 2670 1125 2750 puto.

4 2773 6 2788 ·
115 2755 188 2842 Ego
234 2777 394 2820 summum
439 2755 582 2821 dolorem
632 2752 840 2840 (‘summum'
887 2759 995 2820 autem
1043 2755 1125 2839 dico,

116 2845 244 2910 etiamsi
273 2843 381 2909 decem
408 2844 524 2909 atomis
548 2847 599 2908 est
621 2843 725 2909 maior
753 2840 849 2927 alius)
875 2865 941 2908 non
970 2845 1124 2909 continuo

116 2955 187 2998 csse
213 2932 284 2998 dico
312 2932 443 2997 brevem
470 2933 652 3016 multosque
674 2953 808 3016 possum
831 2931 934 2996 bonos
957 2932 1045 2997 viros
1067 2954 1124 2997 no-

77 3047 103 3086 ao
115 3021 252 3103 minare,
289 3021 345 3104 qui
381 3020 563 3104 complures
609 3042 709 3085 annos
755 3019 921 3084 doloribus
961 3020 1124 3104 podagrae

116 3111 297 3175 crucientur
324 3108 483 3173 maximis.
534 3106 595 3173 Sed
622 3108 720 3173 horno
748 3112 841 3173 catus
863 3129 1038 3192 numquam
1061 3113 1124 3171 ter-

116 3199 220 3263 minat
242 3218 302 3261 nec
324 3196 557 3282 magnitudinis
584 3217 644 3261 nec
674 3196 898 3261 diuturnitatis
921 3195 1065 3278 modum,
1088 3199 1125 3259 ut

101 3287 231 3370 sciam,
258 3285 336 3370 quid
363 3305 524 3350 summum
552 3283 638 3348 dicat
659 3284 693 3348 in
716 3284 840 3366 dolore,
868 3283 945 3368 quid
971 3283 1067 3347 breve
1090 3283 1125 3347 in

116 3377 272 3460 tempore.
325 3372 521 3438 Omittamus
553 3372 639 3436 hunc
669 3371 770 3456 igitur
802 3370 884 3435 nihil
915 3391 1047 3454 prorsus
1078 3370 1124 3435 di·

77 3465 242 3530 recentem
269 3481 486 3547 cogamusque
512 3460 658 3525 confiteri
684 3480 750 3524 non
776 3480 846 3523 esse
875 3458 916 3522 ab
940 3478 978 3522 eo
1002 3458 1125 3523 doloris

115 3550 259 3617 remedia
282 3549 482 3634 quaerenda,
519 3549 575 3632 qu'i
607 3545 750 3613 dolorem
783 3546 943 3611 malorum
981 3547 1124 3611 omnium

1136 958 1177 1020 19

1143 1036 1178 1082 44

1142 2591 1176 2641 45
