2438 3966
138 174 179 237 18
356 167 646 226 ACADEMICORUM
663 165 925 222 POSTERIORUM

85 307 128 370 12
210 334 299 412 Quae
340 353 413 396 cum
454 330 588 394 dixisset
645 327 795 392 Breviter
835 350 912 392 sane
953 303 1181 412 minimeque

82 385 119 432 43
139 424 273 490 obscure
296 420 443 505 exposita
456 421 530 500 est,
551 378 698 500 induam,
721 437 741 480 a
762 420 810 498 te,
832 414 952 500 Varro,
977 419 1011 480 et
1033 417 1181 481 veteris

137 510 332 576 Academiae
363 507 447 572 ratio
480 509 513 569 et
540 503 730 570 Stoicorum.
782 502 909 568 Horum
939 525 1010 568 esse
1043 507 1180 568 autem

139 599 292 680 arbitror,
309 600 347 662 ut
368 593 545 671 Antiocho,
568 596 680 657 nostro
702 591 872 668 familiari,
894 591 1062 675 placebat,
1086 613 1178 658 cor-

139 688 313 752 rectionem
336 683 453 748 veteris
476 681 668 746 Academiae
690 679 800 764 potius
827 700 924 762 quam
947 700 1069 744 noram
1095 681 1174 745 ali-

140 797 237 860 quam
261 771 464 855 disciplinam
485 768 671 853 putandam.
714 767 797 831 Tum
818 766 939 832 Varro:
963 766 1054 832 Tuae
1081 773 1178 833 sunt

138 883 224 929 nunc
241 864 360 947 partes,
374 857 489 942 iuquit,
509 856 564 941 qui
579 855 620 920 ab
639 855 844 939 antiquorum
857 855 985 920 ratione
998 855 1174 920 desciscis

141 956 174 1016 et
197 971 247 1033 ca,
277 967 358 1033 quac
381 946 422 1010 ab
450 943 597 1009 Arcesila
618 946 739 1008 novata
762 945 850 1026 sunt,
872 944 1007 1027 probas,
1030 943 1175 1025 docere,

141 1038 225 1124 quod
262 1040 295 1100 et
331 1055 396 1119 qua
430 1033 470 1098 de
507 1053 605 1096 causa
640 1030 810 1095 discidium
851 1029 975 1096 factum
1017 1031 1076 1116 sit,
1122 1037 1175 1096 ut

87 1141 122 1190 44
141 1127 320 1207 videamus,
349 1121 469 1186 satisne
495 1119 561 1184 ista
587 1120 631 1184 sit
660 1119 748 1184 iusta
770 1117 917 1184 defectio.
970 1118 1055 1184 Tum
1079 1141 1172 1204 ego:
1192 1149 1218 1184 ιι

142 1212 224 1279 Cum
257 1210 399 1292 Zenone,
430 1209 575 1292 inquam,
606 1209 643 1273 ut
670 1207 864 1291 accepimus,
895 1205 1063 1272 Arcesilas
1093 1209 1172 1273 sibi

142 1322 236 1368 omne
268 1304 431 1364 certamen
461 1296 618 1378 instituit,
648 1317 715 1360 non
744 1295 923 1378 pertinacia
956 1301 1013 1360 aut
1045 1296 1170 1361 studio

141 1388 303 1471 vincendi,
331 1390 368 1452 ut
398 1383 480 1450 mihi
506 1384 634 1468 quidem
656 1383 797 1460 videtur,
825 1382 881 1447 sed
908 1403 1019 1448 earum
1046 1401 1171 1448 rerum

142 1477 353 1555 obscuritate,
390 1495 471 1558 quae
508 1472 549 1536 ad
581 1471 818 1537 confessionem
848 1471 1065 1554 ignorationis
1102 1473 1170 1536 ad·

143 1567 302 1630 duxerant
320 1562 487 1629 Socratem
506 1563 539 1624 et
557 1560 624 1627 iarn
642 1562 717 1624 aute
736 1556 903 1624 Socratem
921 1558 1169 1643 Democritum,
1187 1585 1217 1625 15

142 1654 386 1738 Anaxagoram,
408 1648 651 1733 Empedoclem,
676 1667 788 1711 omnes
811 1668 913 1730 paene
937 1651 1077 1733 veteres,
1101 1651 1168 1732 qui

143 1741 227 1810 nihil
250 1739 414 1826 cognosci,
431 1737 515 1802 nihil
532 1735 667 1820 percipi,
684 1734 768 1798 nihil
786 1735 862 1799 sciri
879 1757 977 1818 posse
995 1735 1168 1821 dixerunt,

145 1833 301 1915 angustos
329 1848 456 1909 sensus,
483 1823 663 1889 imbecillos
687 1822 829 1906 animos,
856 1823 969 1887 brevia
996 1824 1168 1888 curricula

143 1919 244 1998 vitae,
275 1920 321 2000 et,
342 1919 380 1980 ut
402 1911 620 1994 Democritus,
646 1911 681 1975 in
707 1909 866 1994 profundo
889 1911 1062 1976 veritatem
1086 1934 1166 1978 esse

145 2006 338 2086 demersam,
356 1999 562 2084 opinionibus
581 2004 614 2063 et
631 1998 791 2062 institutis
810 1997 919 2063 omnia
936 2000 1051 2083 teneri,
1072 2000 1164 2066 nihil
1181 2027 1211 2065 ao

144 2092 275 2158 veritati
303 2089 456 2173 relinqui,
485 2085 622 2170 denique
651 2085 760 2150 omnia
789 2086 932 2151 tenebris
960 2087 1165 2154 circumfusa

91 2204 126 2254 45
146 2203 215 2246 esse
240 2178 425 2261 [dixeruntt
469 2175 583 2259 Itaque
605 2173 769 2239 Arcesilas
796 2174 939 2258 negabat
966 2196 1037 2240 esse
1066 2178 1164 2260 quid-

146 2289 256 2353 quam,
287 2265 373 2350 quod
410 2263 485 2330 sciri
520 2264 647 2346 posset,
680 2283 721 2326 ne
756 2261 837 2326 illud
872 2261 1001 2346 quidem
1038 2264 1164 2350 ipsum,

145 2356 230 2441 quod
253 2353 400 2420 Socrates
425 2351 487 2416 sibi
510 2349 709 2434 reliquisset3
731 2349 779 2414 sic
797 2349 906 2415 omnia
927 2351 1028 2416 latere
1047 2373 1163 2417 cense-

145 2445 203 2510 bat
224 2445 260 2509 iu
282 2441 423 2525 occulto,
445 2461 548 2525 neque
567 2459 638 2504 esse
661 2436 850 2522 quidquam,
875 2439 961 2521 quod
984 2440 1073 2504 cerni
1101 2446 1164 2506 aut
1178 2465 1206 2507 rs

145 2532 293 2616 intellegi
310 2532 434 2615 posset3
457 2527 574 2612 quibus
596 2525 635 2590 de
654 2524 759 2590 causis
778 2524 862 2589 nihil
879 2530 1029 2610 oportere
1052 2549 1163 2614 neque

145 2619 291 2704 profiteri
309 2638 411 2702 neque
430 2615 600 2680 adfirmare
623 2635 817 2698 quemquam
836 2634 939 2696 neque
963 2614 1162 2682 adsensione

147 2706 326 2792 approbare
350 2704 562 2787 cohibereque
585 2722 711 2785 semper
734 2704 767 2764 et
790 2700 831 2765 ab
855 2702 945 2766 omni
967 2702 1063 2786 lapsu
1083 2725 1162 2770 con-

146 2797 248 2860 tinere
271 2792 501 2874 temeritatem,
524 2803 605 2875 quae
628 2794 699 2856 tum
722 2793 807 2854 esset
828 2789 979 2874 insignis,
1003 2812 1077 2856 cum
1101 2797 1163 2858 aut

146 2883 229 2950 falsa
253 2885 310 2947 aut
331 2880 499 2964 incognita
517 2901 568 2944 res
588 2877 834 2962 approbaretur,
856 2897 958 2960 neque
980 2877 1043 2944 hoc
1066 2881 1161 2964 quid·
1176 2907 1218 2946 so¹

147 2993 242 3058 quam
267 2991 336 3034 esse
359 2968 485 3052 turpius
508 2989 605 3052 quam
625 2963 804 3049 cognitioni
822 2968 856 3029 et
877 2967 1079 3050 perceptioni
1104 2970 1162 3034 ad-

148 3059 330 3124 sensionem
345 3055 673 3141 approbationemque
689 3072 904 3136 praccurrere.
936 3053 1022 3119 Huic
1036 3057 1162 3122 rationi

147 3148 233 3233 quod
256 3148 326 3211 erat
347 3147 613 3226 consentaneum,
635 3139 787 3223 faciebat,
812 3145 850 3206 ut
873 3143 987 3206 contra
1010 3145 1163 3210 omnium

148 3235 326 3302 sententias
354 3233 515 3298 disserens
542 3230 581 3294 de
609 3249 668 3293 sua
699 3227 870 3313 plerosque
899 3228 1085 3316 deduceret,
1113 3237 1162 3316 ut,

147 3347 219 3391 oum
238 3323 274 3388 in
292 3322 403 3387 eadem
420 3341 455 3385 re
473 3317 566 3401 paria
583 3315 754 3380 contrariis
773 3315 808 3380 in
825 3316 972 3400 partibus
990 3325 1199 3389 momentana

146 3413 310 3477 rationum
337 3408 569 3489 invenirentur,
595 3402 723 3468 facilius
751 3403 792 3468 ab
820 3408 957 3488 utraque
986 3410 1080 3490 parte
1104 3409 1160 3474 ad.

93 3499 256 3574 assensio
280 3497 499 3564 sustineretur.
548 3489 641 3556 Hanc
668 3490 877 3556 Academiam
903 3513 1022 3558 novam
1051 3500 1160 3582 appel·
1216 3577 1217 3584 ἵ

44 3792 116 3808 ᾇ
