2574 3956
158 208 224 272 162
323 209 371 262 DE
389 207 535 263 FlNlBUS
553 206 734 262 BONORUM
752 207 799 260 ET
818 206 1000 263 MALORUM

157 371 398 435 intercesserint
419 369 522 453 milia,
545 374 582 432 ut
605 369 748 433 omnium
769 368 911 433 siderum
934 368 1060 450 eodem,
1083 369 1169 432 unde
1238 373 1244 386 '

157 459 303 542 profecta
326 459 404 539 sint,
430 457 489 522 fiat
513 457 552 520 ad
575 479 674 522 unum
701 462 829 540 tempus
852 457 1002 520 reversio.
1047 455 1168 521 Nullus

158 551 208 610 est
230 547 331 629 igitur
354 547 543 628 cuiusquam
566 544 634 610 dies
657 545 785 610 natalis.
831 543 889 608 ‘At
911 542 1077 608 habeturl'
1123 544 1169 608 Et

158 655 219 717 ego
252 635 285 697 id
313 635 435 698 seilicet
456 633 652 697 nesciebam!
700 631 762 719 Sed
784 635 821 697 ut
844 633 900 716 sit,
930 631 1068 696 etiamne
1090 636 1168 715 post

158 726 295 786 mortem
327 719 474 787 coletur?
510 720 605 804 idque
641 723 836 786 testamento
874 719 1002 793 cavebit
1033 721 1075 802 is,
1112 720 1195 804 quis

157 810 251 874 nobis
278 811 371 893 quasi
399 808 564 874 oraculum
592 807 728 873 ediderit
748 808 831 873 nihil
855 807 894 872 ad
917 823 977 872 nos
1005 808 1169 891 pertinere

157 903 233 982 post
255 896 413 962 mortem?
463 895 552 961 Haeo
579 917 646 960 non
673 899 766 960 erant
793 896 877 992 eius,
904 896 959 979 qui
986 894 1169 960 innumera

157 985 232 1050 bilis
258 986 395 1050 mundos
414 984 622 1068 infinitasque
640 984 796 1069 regiones,
819 1005 954 1068 quarum
972 984 1063 1047 nulla
1082 988 1169 1049 esset

158 1095 228 1157 ora,
245 1073 337 1137 nulla
355 1072 556 1154 extremitas,
573 1075 681 1136 mente
698 1072 945 1156 peragravisset.
976 1070 1072 1154 *Num
1090 1073 1169 1156 quid

56 1223 59 1228 .
156 1162 223 1225 tale
251 1159 476 1225 Democritus?
525 1158 571 1224 Ut
603 1160 684 1224 ahos
718 1160 880 1240 omittam,
911 1158 997 1223 huno
1030 1160 1168 1243 appello,
1184 1185 1211 1223 ιο

105 1268 155 1316 103
178 1269 274 1332 quem
296 1248 352 1312 ille
374 1270 474 1312 unum
498 1250 627 1312 secutus
651 1251 709 1312 est.
759 1247 880 1323 Quodsi
908 1247 976 1312 dies
1004 1247 1167 1312 notandus

156 1336 232 1418 fuit,
260 1357 375 1400 eumne
397 1335 520 1419 potiuS,
548 1357 611 1419 quo
633 1338 743 1419 natus,
767 1357 810 1399 an
833 1357 919 1418 eum,
947 1355 1010 1418 quo
1038 1336 1167 1418 sapiens
1285 1321 1286 1376 i

156 1423 261 1488 faetus
290 1423 360 1488 est?
409 1421 485 1487 Non
511 1423 634 1506 potuit,
661 1423 803 1507 inquies,
831 1423 901 1487 fieri
931 1423 1072 1508 sapiens,
1103 1425 1167 1487 nisi

156 1516 252 1577 natus
276 1516 369 1576 esset.
409 1510 478 1576 Isto
502 1511 610 1592 modo,
633 1532 674 1575 ne
697 1512 726 1575 si
749 1513 823 1576 avia
846 1510 975 1595 quidem
998 1511 1066 1576 eius
1088 1516 1167 1575 nata

156 1622 223 1664 non
246 1603 339 1665 esset.
383 1599 448 1664 Res
471 1601 553 1679 tota,
583 1597 761 1684 Torquate,
782 1620 849 1664 non
872 1599 1040 1664 doctorum
1061 1599 1165 1663 homi·
1180 1625 1206 1664 15

156 1711 248 1772 nuni,
274 1688 358 1752 velle
385 1690 461 1771 post
488 1690 625 1752 mortem
653 1687 757 1771 epulis
788 1687 944 1751 celebrari
976 1689 1166 1751 memoriam

146 1778 207 1856 ,sui
236 1776 386 1842 nominis.
445 1775 532 1850 Quos
565 1775 695 1860 quidem
733 1774 802 1839 dies
835 1796 930 1858 quem
963 1775 1003 1838 ad
1035 1775 1167 1839 modum

157 1864 262 1949 agatis
287 1868 320 1928 et
337 1865 372 1927 in
391 1866 543 1946 quantam
563 1862 730 1928 hominum
747 1863 927 1927 facetorum
946 1863 1167 1927 urbanitatem

156 1951 341 2027 incurratis,
368 1972 434 2015 non
461 1950 532 2015 dieo
562 1947 657 2032 (nihil
685 1972 774 2034 opus,
793 1954 843 2014 est
869 1949 1008 2036 litibus);
1038 1954 1166 2016 tantum

156 2039 237 2122 dieo,
255 2039 359 2139 magis
376 2037 477 2101 fuisse
491 2040 632 2102 vestrum
647 2057 743 2122 agere
758 2037 892 2122 Epicuri
911 2039 996 2103 diem
1013 2039 1166 2122 natalem,
1180 2065 1206 2106 so

102 2126 1022 2296 :aqutultt{ltltlttttlltlttltttta
1047 2214 1165 2278 scere.

105 2269 240 2383 10inuis,
268 2301 309 2365 ad
336 2300 433 2365 istam
462 2299 634 2383 epistulam
662 2299 761 2365 delati
785 2301 923 2386 sumus),
952 2323 1036 2366 nune
1058 2305 1166 2367 totum

155 2389 235 2454 illud
263 2388 409 2454 concludi
436 2389 482 2452 sio
508 2388 598 2453 lieet:
635 2388 697 2464 Qui
721 2389 755 2453 in
783 2411 909 2454 summo
937 2390 1022 2453 malo
1045 2393 1108 2473 est,
1136 2391 1165 2454 is

156 2482 238 2561 tum,
267 2499 339 2543 oum
366 2477 400 2540 in
428 2498 464 2542 eo
488 2479 549 2560 est,
578 2498 643 2541 non
670 2479 720 2541 est
746 2477 874 2563 beatus;
901 2478 1028 2561 sapiens
1056 2481 1208 2546 autemrs

156 2587 283 2649 semper
314 2565 428 2630 beatus
461 2567 510 2629 est
541 2568 574 2628 et
602 2569 651 2629 est
679 2564 850 2650 aliquando
880 2566 913 2630 in
943 2565 1066 2649 dolore,
1097 2587 1166 2632 non

156 2657 206 2717 est
237 2652 339 2737 igitur
369 2674 530 2716 summum
557 2653 679 2717 malum
706 2651 805 2718 dolor.
855 2651 925 2717 Iam
956 2653 1039 2717 illud
1070 2655 1165 2736 quale

155 2740 285 2804 tandem
318 2744 379 2822 est,
416 2745 501 2805 bona
537 2741 713 2823 praeterita
751 2762 817 2805 non
852 2741 980 2805 effluere
1018 2742 1182 2826 sapientis

156 2829 242 2892 mals
266 2827 450 2892 meminisse
472 2849 540 2892 non
563 2827 732 2912 oportere?
781 2828 925 2893 Primum
951 2829 986 2892 in
1009 2832 1164 2894 nostrane

157 2918 404 2999 estpotestate,
429 2915 505 2998 quid
528 2915 789 2980 meminerimus?
838 2916 1073 2981 Themistocles
1097 2919 1164 3002 qui·
1178 2943 1206 2984 so

156 3004 241 3080 dem,
264 3025 338 3067 eum
360 3003 389 3065 ei
413 2999 595 3068 Simonides
614 3025 656 3067 an
677 3005 747 3087 quis
767 3004 850 3068 alius
870 3007 972 3068 artem
990 3007 1164 3070 memoriae

155 3091 370 3175 pollieeretur,
389 3088 606 3172 ‘Obliuionis',
623 3091 737 3175 inquit,
756 3090 905 3157 ‘mallem
932 3091 1018 3158 Nam
1032 3093 1164 3157 memini

157 3180 268 3262 etiam,
291 3200 373 3262 quae
395 3177 486 3261 nolo,
520 3178 668 3243 oblivisci
690 3201 756 3244 non
782 3201 930 3264 possum,
959 3202 1039 3263 quae
1067 3180 1163 3245 volo?

104 3287 155 3335 105
179 3266 300 3350 Magno
324 3265 377 3330 hio
403 3265 550 3350 ingenio,
577 3266 632 3330 sed
654 3288 706 3331 res
729 3289 763 3332 se
786 3271 897 3332 tamen
921 3268 966 3332 sie
988 3268 1100 3352 habet,
1127 3274 1164 3333 ut

156 3355 253 3418 nimis
272 3353 437 3438 imperiosi
454 3353 641 3437 philosophi
661 3353 704 3418 sit
722 3358 830 3419 vetare
847 3354 1039 3420 meminisse.
1071 3355 1163 3436 Vide,
1176 3383 1204 3422 ss
1282 3417 1283 3424 ,

156 3463 195 3504 ne
228 3441 293 3506 ista
324 3440 584 3522 sintManliana
613 3445 721 3505 vestra
753 3447 808 3507 aut
835 3445 959 3508 maiora
991 3444 1102 3526 etiam,
1134 3446 1163 3508 si
1282 3509 1283 3515 ,

156 3528 309 3612 imperes,
340 3529 426 3613 quod
460 3528 564 3593 faeere
595 3550 660 3592 non
691 3531 823 3611 possim.
877 3531 972 3614 Quid,
1004 3531 1032 3594 si
1063 3532 1162 3594 etiam
