2502 3960
302 171 595 228 ACADEMICORUM
613 171 883 230 POSTERIORUM.
1059 175 1100 242 81

83 337 196 400 menta
232 335 316 417 sint,
352 338 488 420 potesne
525 334 653 400 dicere?
685 335 776 402 cuins
813 339 847 402 et
874 338 1036 404 nascentis
1069 343 1103 404 et

84 423 288 490 senescentis
326 423 407 488 alias
443 422 626 506 hebetiora,
662 423 744 490 alias
777 424 922 490 acutiora
952 426 1101 492 ridentur

84 533 217 578 cornua.
940 570 943 576 ,

154 601 184 664 1.
213 600 298 668 Noa.
325 620 360 682 p.
392 602 464 666 162.
495 603 540 666 29
575 597 789 683 Pereprrrcscit.
858 598 961 667 Cicero
1004 602 1102 668 Accd.

60 688 137 754 stila
159 687 222 754 11.·
252 687 360 764 Quid?
383 709 471 753 mare
498 709 606 758 nonne
629 685 836 754 caenrleum?
864 692 898 754 at
926 688 993 754 eius
1016 689 1102 758 unda

86 798 160 841 cum
190 781 244 842 est
269 776 367 860 pulsa
393 776 505 862 remis,
531 775 750 862 purpurascit,
782 779 816 842 et
844 777 970 862 quidem
999 799 1102 864 aquae

86 865 229 929 tinctum
253 863 392 948 quodam
415 864 511 930 modo
534 868 568 929 et
589 861 752 932 infectum
766 913 797 930 ..

153 953 185 1018 8.
208 951 294 1018 Nou.
310 973 346 1034 p.
367 958 439 1018 162.
461 955 504 1018 34
526 951 750 1035 Perpeudiculu
771 957 800 1020 et
822 973 956 1020 ammae.
997 951 1102 1022 eaeo

86 1041 188 1106 Acad.
212 1041 264 1106 ru.
286 1039 346 1105 II:
368 1040 483 1125 Atqui,
505 1040 534 1106 si
556 1039 589 1104 id
611 1039 826 1126 crederemus,
848 1063 915 1107 non
936 1061 1102 1128 egeremus

51 1154 75 1193 ro
87 1128 340 1214 perpendiculis,
364 1151 430 1196 uon
451 1128 588 1213 normis,
609 1137 675 1194 noir
698 1129 828 1216 regulis.

154 1217 187 1282 9.
215 1217 300 1283 Nou.
320 1238 355 1300 p.
381 1221 454 1283 394.
485 1221 528 1283 30
559 1213 681 1282 Sc‘ccum
709 1217 823 1283 dicitur
855 1223 885 1284 et
909 1217 1102 1286 solmam...

57 1302 194 1372 'maro
221 1305 320 1371 Acud.
349 1306 398 1370 lib.
425 1304 483 1370 II:
519 1304 612 1370 Alius
640 1305 773 1389 adultis,
799 1306 882 1372 alius
909 1306 1102 1392 valentibus,

89 1395 173 1458 alius
199 1394 320 1478 aegris,
344 1393 425 1459 alius
449 1393 556 1477 siccis,
579 1393 661 1458 alius
685 1393 867 1460 vinulentis.
1180 1413 1183 1425 ¹

158 1483 211 1548 10.
240 1482 322 1547 Noc.
344 1502 379 1563 p.
406 1485 482 1546 474.
510 1484 557 1547 27
589 1479 773 1548 Urinuutur.
827 1481 931 1549 Cicero
961 1485 996 1548 in
1021 1484 1103 1550 Acu-

52 1570 216 1637 1sdeme'cis
238 1569 288 1635 aa.
310 1568 370 1634 II:
406 1568 441 1634 si
468 1568 595 1653 quando
619 1569 706 1634 enim
727 1591 788 1636 nos
811 1569 1036 1654 demersimus,
1065 1576 1104 1638 ut

90 1659 146 1743 qui
168 1658 355 1741 urinantur,
382 1661 439 1723 aut
464 1657 547 1722 nihil
574 1679 725 1742 superum
756 1661 813 1722 aut
836 1659 970 1726 obscure
995 1658 1103 1726 edmo-

90 1747 167 1811 dum
191 1746 361 1811 cernimus.

158 1835 211 1899 11.
234 1833 317 1899 Non.
329 1854 363 1916 p.
381 1835 453 1900 545.
471 1837 512 1899 16
529 1834 704 1900 Alabaster.
737 1833 957 1901 (5444411444.
976 1833 1025 1900 lu.
1044 1834 1103 1900 II:

91 1923 216 2000 Quibus
249 1923 347 1988 otiam
380 1922 545 1988 alabaster
575 1923 689 2007 plenus
721 1923 877 2008 unguenti
908 1925 1021 2008 putere
1057 1923 1103 1988 vi-

54 2012 215 2078 redeatur.

516 2167 616 2222 LIBRI
633 2167 681 2222 III.

160 2275 212 2342 12.
235 2275 318 2342 Nou.
340 2294 374 2358 p.
397 2277 508 2342 65.15
533 2275 623 2342 Idem
650 2277 755 2342 tertio:
786 2273 967 2361 Digladiari
995 2279 1103 2341 autem

91 2385 221 2447 semper
247 2368 276 2430 a
297 2364 481 2448 depugnare
505 2364 540 2428 in
562 2363 752 2430 facinorosis
778 2367 811 2428 et
832 2364 1007 2430 audacibus
1031 2365 1102 2447 quis

91 2473 158 2518 non
177 2473 251 2516 cum
269 2452 499 2536 miserrimum,
517 2455 587 2518 tum
606 2452 705 2520 etiam
724 2450 951 2516 stultissimum
968 2451 1104 2516 dixerit?

55 2563 80 2604 a
161 2539 213 2604 13.
245 2539 328 2606 Nou.
358 2561 394 2622 p.
424 2543 473 2606 65.
505 2544 550 2606 32
584 2540 739 2610 uacare
768 2540 884 2606 datum
916 2543 960 2604 ert
989 2539 1104 2605 exilire.
1220 2619 1222 2623 ι

92 2627 198 2694 (aare
225 2629 324 2694 Acca.
352 2629 401 2694 ld).
429 2628 508 2694 III:
544 2627 590 2693 Et
612 2632 649 2693 ut
676 2650 737 2695 nos
768 2649 855 2693 nune
887 2627 1033 2694 sedemus
1064 2628 1105 2693 ad
1241 2709 1242 2720 ἵ

88 2713 267 2782 Lucrinum
289 2717 525 2802 pisciculosque
547 2717 728 2782 exultantes
751 2716 928 2782 videmus..
1183 2744 1185 2756 ·

159 2803 209 2870 14.
240 2803 322 2870 Non.
338 2825 374 2888 p.
401 2809 474 2872 123.
500 2809 525 2872 2
551 2804 790 2888 lupeneraretar
820 2809 857 2869 at
886 2805 1104 2870 innasceretur.
1183 2838 1186 2844 ,

91 2891 493 2976 maecenatiana
529 2889 566 2958 Iu
596 2895 689 2958 tanta
712 2892 923 2958 animantium
946 2893 1104 2958 varietate
1240 2943 1241 2968 .

54 2979 219 3047 schomini
247 2984 284 3045 nt
308 2982 371 3046 soli
398 2981 555 3066 cupiditas
581 2981 825 3066 ingeneraretur
853 2980 1048 3068 cognitionis
1072 2985 1105 3046 et

92 3069 257 3134 scientiae

162 3156 213 3223 15.
236 3157 318 3223 Nou.
340 3178 374 3240 p.
397 3162 513 3223 4153
553 3156 728 3235 Vindicarc,
761 3155 892 3242 trahere,
925 3156 1060 3222 liberare.
1075 3206 1105 3222 ..
1239 3147 1240 3170 ³

90 3243 197 3311 cicero
219 3245 318 3312 Acad.
341 3245 392 3312 aa.
413 3245 493 3310 III:
516 3244 637 3329 Aliqua
658 3247 803 3330 potestas
827 3245 883 3329 sit,
907 3241 1049 3310 vindicet
1071 3265 1105 3310 se
1238 3305 1239 3312 ,

90 3332 127 3398 in
148 3333 345 3400 libertatem.

54 3445 78 3486 u
162 3422 213 3487 16.
236 3421 380 3488 Laetuut.
403 3421 474 3488 iusi.
503 3420 556 3488 VI
572 3424 627 3487 24.
649 3426 670 3487 1
692 3421 758 3488 Nec
780 3426 884 3486 tumea
905 3419 1027 3503 deficta
1048 3420 1106 3485 ali·
1238 3445 1239 3474 2

89 3510 162 3594 pars
184 3515 243 3575 aut
262 3511 299 3576 de
319 3511 437 3593 seipse
458 3510 603 3594 desperet,
626 3510 656 3576 si
676 3515 733 3576 aut
753 3509 920 3593 cupiditate
937 3509 1033 3578 outa
1050 3514 1109 3573 aut
