<?xml version="1.0" encoding="UTF-8"?>
<!DOCTYPE html PUBLIC "-//W3C//DTD XHTML 1.0 Transitional//EN"
    "http://www.w3.org/TR/xhtml1/DTD/xhtml1-transitional.dtd">
<html xmlns="http://www.w3.org/1999/xhtml" xml:lang="en" lang="en">
 <head>
  <title>
</title>
<meta http-equiv="Content-Type" content="text/html;charset=utf-8" />
  <meta name='ocr-system' content='tesseract 3.04.00' />
  <meta name='ocr-capabilities' content='ocr_page ocr_carea ocr_par ocr_line ocrx_word'/>
</head>
<body>
  <div class='ocr_page' id='page_1' title='image "./scriptaquaemans00unkngoog_0412.png"; bbox 0 0 2564 3950; ppageno 0'>
   <div class='ocr_carea' id='block_1_1' title="bbox 365 191 1125 261">
    <p class='ocr_par' dir='ltr' id='par_1_1' title="bbox 365 191 1125 261">
     <span class='ocr_line' id='line_1_1' title="bbox 365 191 1125 261; baseline 0.012 -11"><span class='ocrx_word' id='word_1_1' title='bbox 365 194 433 251; x_wconf 80' lang='lat' dir='ltr'>me.</span> <span class='ocrx_word' id='word_1_2' title='bbox 451 191 499 252; x_wconf 88' lang='lat'>111.</span> <span class='ocrx_word' id='word_1_3' title='bbox 526 193 605 253; x_wconf 71' lang='lat' dir='ltr'>cnr.</span> <span class='ocrx_word' id='word_1_4' title='bbox 623 197 711 251; x_wconf 81' lang='lat' dir='ltr'>a-s.</span> <span class='ocrx_word' id='word_1_5' title='bbox 739 199 754 261; x_wconf 75' lang='lat' dir='ltr'>s</span> <span class='ocrx_word' id='word_1_6' title='bbox 773 200 877 251; x_wconf 82' lang='lat' dir='ltr'>e-rr.</span> <span class='ocrx_word' id='word_1_7' title='bbox 1060 191 1125 260; x_wconf 80' lang='lat'>359</span> 
     </span>
    </p>
   </div>
   <div class='ocr_carea' id='block_1_2' title="bbox 6 356 1244 3615">
    <p class='ocr_par' dir='ltr' id='par_1_2' title="bbox 6 356 1275 3615">
     <span class='ocr_line' id='line_1_2' title="bbox 106 356 1126 447; baseline -0.004 -23"><span class='ocrx_word' id='word_1_8' title='bbox 106 361 229 424; x_wconf 76' lang='lat' dir='ltr'>:autem</span> <span class='ocrx_word' id='word_1_9' title='bbox 251 358 285 423; x_wconf 92' lang='lat' dir='ltr'>in</span> <span class='ocrx_word' id='word_1_10' title='bbox 307 357 421 423; x_wconf 89' lang='lat' dir='ltr'>morbo</span> <span class='ocrx_word' id='word_1_11' title='bbox 445 361 534 447; x_wconf 83' lang='lat' dir='ltr'>sunt,</span> <span class='ocrx_word' id='word_1_12' title='bbox 558 357 630 422; x_wconf 86' lang='lat' dir='ltr'>sani</span> <span class='ocrx_word' id='word_1_13' title='bbox 651 379 717 423; x_wconf 92' lang='lat' dir='ltr'>non</span> <span class='ocrx_word' id='word_1_14' title='bbox 740 360 828 440; x_wconf 89' lang='lat' dir='ltr'>sunt,</span> <span class='ocrx_word' id='word_1_15' title='bbox 858 359 891 422; x_wconf 90' lang='lat' dir='ltr'>et</span> <span class='ocrx_word' id='word_1_16' title='bbox 912 357 1056 423; x_wconf 89' lang='lat' dir='ltr'>omnium</span> <span class='ocrx_word' id='word_1_17' title='bbox 1078 356 1126 420; x_wconf 89' lang='lat' dir='ltr'>in·</span> 
     </span>
     <span class='ocr_line' id='line_1_3' title="bbox 116 445 1126 531; baseline -0.002 -19"><span class='ocrx_word' id='word_1_18' title='bbox 116 447 305 531; x_wconf 82' lang='lat' dir='ltr'>sipientium</span> <span class='ocrx_word' id='word_1_19' title='bbox 337 445 437 510; x_wconf 86' lang='lat' dir='ltr'>animi</span> <span class='ocrx_word' id='word_1_20' title='bbox 464 447 499 510; x_wconf 89' lang='lat' dir='ltr'>in</span> <span class='ocrx_word' id='word_1_21' title='bbox 525 447 638 510; x_wconf 92' lang='lat' dir='ltr'>morbo</span> <span class='ocrx_word' id='word_1_22' title='bbox 674 449 762 529; x_wconf 81' lang='lat' dir='ltr'>sunt3</span> <span class='ocrx_word' id='word_1_23' title='bbox 796 465 905 511; x_wconf 88' lang='lat' dir='ltr'>omnes</span> <span class='ocrx_word' id='word_1_24' title='bbox 937 445 1126 530; x_wconf 75' lang='lat' dir='ltr'>insipientes</span> 
     </span>
     <span class='ocr_line' id='line_1_4' title="bbox 116 531 1127 620; baseline -0.002 -21"><span class='ocrx_word' id='word_1_25' title='bbox 116 534 221 620; x_wconf 79' lang='lat' dir='ltr'>igitur</span> <span class='ocrx_word' id='word_1_26' title='bbox 243 533 431 615; x_wconf 65' lang='lat' dir='ltr'>insaniunt}</span> <span class='ocrx_word' id='word_1_27' title='bbox 468 531 648 598; x_wconf 73' lang='lat' dir='ltr'>Sanitatem</span> <span class='ocrx_word' id='word_1_28' title='bbox 671 534 759 598; x_wconf 91' lang='lat' dir='ltr'>enim</span> <span class='ocrx_word' id='word_1_29' title='bbox 782 533 963 598; x_wconf 88' lang='lat' dir='ltr'>animorum</span> <span class='ocrx_word' id='word_1_30' title='bbox 986 534 1127 616; x_wconf 90' lang='lat' dir='ltr'>positam</span> 
     </span>
     <span class='ocr_line' id='line_1_5' title="bbox 6 620 1126 708; baseline -0.002 -20"><span class='ocrx_word' id='word_1_31' title='bbox 6 635 7 642; x_wconf 77' lang='grc'>’</span> <span class='ocrx_word' id='word_1_32' title='bbox 114 623 152 688; x_wconf 90' lang='lat' dir='ltr'>in</span> <span class='ocrx_word' id='word_1_33' title='bbox 173 622 413 708; x_wconf 70' lang='lat' dir='ltr'>tranquillitate</span> <span class='ocrx_word' id='word_1_34' title='bbox 436 622 576 706; x_wconf 88' lang='lat' dir='ltr'>quadam</span> <span class='ocrx_word' id='word_1_35' title='bbox 594 622 840 706; x_wconf 78' lang='lat' dir='ltr'>constantiaque</span> <span class='ocrx_word' id='word_1_36' title='bbox 863 621 1051 705; x_wconf 81' lang='lat' dir='ltr'>censebant3</span> <span class='ocrx_word' id='word_1_37' title='bbox 1075 620 1126 686; x_wconf 89' lang='lat' dir='ltr'>his</span> 
     </span>
     <span class='ocr_line' id='line_1_6' title="bbox 77 710 1126 795; baseline -0.006 -17"><span class='ocrx_word' id='word_1_38' title='bbox 77 729 101 778; x_wconf 74' lang='lat' dir='ltr'>&#39;e</span> <span class='ocrx_word' id='word_1_39' title='bbox 114 711 213 776; x_wconf 87' lang='lat' dir='ltr'>rebus</span> <span class='ocrx_word' id='word_1_40' title='bbox 245 713 390 775; x_wconf 87' lang='lat' dir='ltr'>mentem</span> <span class='ocrx_word' id='word_1_41' title='bbox 412 731 548 776; x_wconf 75' lang='lat' dir='ltr'>saeuam</span> <span class='ocrx_word' id='word_1_42' title='bbox 574 710 776 795; x_wconf 89' lang='lat' dir='ltr'>appellarunt</span> <span class='ocrx_word' id='word_1_43' title='bbox 797 710 1002 794; x_wconf 88' lang='lat' dir='ltr'>insaniam,</span> <span class='ocrx_word' id='word_1_44' title='bbox 1030 729 1126 793; x_wconf 87' lang='lat' dir='ltr'>prop·</span> 
     </span>
     <span class='ocr_line' id='line_1_7' title="bbox 114 797 1126 883; baseline -0.002 -19"><span class='ocrx_word' id='word_1_45' title='bbox 114 802 207 864; x_wconf 87' lang='lat' dir='ltr'>terea</span> <span class='ocrx_word' id='word_1_46' title='bbox 243 797 328 883; x_wconf 86' lang='lat' dir='ltr'>quod</span> <span class='ocrx_word' id='word_1_47' title='bbox 364 799 400 863; x_wconf 92' lang='lat' dir='ltr'>in</span> <span class='ocrx_word' id='word_1_48' title='bbox 435 799 625 882; x_wconf 88' lang='lat' dir='ltr'>perturbato</span> <span class='ocrx_word' id='word_1_49' title='bbox 661 798 768 864; x_wconf 90' lang='lat' dir='ltr'>animo</span> <span class='ocrx_word' id='word_1_50' title='bbox 805 799 888 862; x_wconf 69' lang='lat' dir='ltr'>nont</span> <span class='ocrx_word' id='word_1_51' title='bbox 921 797 957 862; x_wconf 91' lang='lat' dir='ltr'>in</span> <span class='ocrx_word' id='word_1_52' title='bbox 993 817 1126 881; x_wconf 76' lang='lat' dir='ltr'>torpore</span> 
     </span>
     <span class='ocr_line' id='line_1_8' title="bbox 116 887 567 971; baseline -0.004 -19"><span class='ocrx_word' id='word_1_53' title='bbox 116 887 242 952; x_wconf 86' lang='lat' dir='ltr'>sanitas</span> <span class='ocrx_word' id='word_1_54' title='bbox 265 903 336 952; x_wconf 82' lang='lat' dir='ltr'>esse</span> <span class='ocrx_word' id='word_1_55' title='bbox 359 906 424 952; x_wconf 90' lang='lat' dir='ltr'>non</span> <span class='ocrx_word' id='word_1_56' title='bbox 446 889 567 971; x_wconf 85' lang='lat' dir='ltr'>posset</span> 
     </span>
     <span class='ocr_line' id='line_1_9' title="bbox 184 951 1179 1078; baseline -0.003 -38"><span class='ocrx_word' id='word_1_57' title='bbox 184 973 253 1040; x_wconf 88' lang='lat' dir='ltr'>Nee</span> <span class='ocrx_word' id='word_1_58' title='bbox 279 975 386 1040; x_wconf 88' lang='lat' dir='ltr'>minus</span> <span class='ocrx_word' id='word_1_59' title='bbox 415 974 495 1039; x_wconf 89' lang='lat' dir='ltr'>illud</span> <span class='ocrx_word' id='word_1_60' title='bbox 527 979 633 1058; x_wconf 84' lang='lat' dir='ltr'>eoute,</span> <span class='ocrx_word' id='word_1_61' title='bbox 664 974 750 1059; x_wconf 90' lang='lat' dir='ltr'>quod</span> <span class='ocrx_word' id='word_1_62' title='bbox 781 974 881 1040; x_wconf 87' lang='lat' dir='ltr'>animi</span> <span class='ocrx_word' id='word_1_63' title='bbox 912 951 1179 1078; x_wconf 54' lang='lat' dir='ltr'>adlectionemss</span> 
     </span>
     <span class='ocr_line' id='line_1_10' title="bbox 115 1063 1125 1129; baseline 0.001 -2"><span class='ocrx_word' id='word_1_64' title='bbox 115 1063 238 1129; x_wconf 88' lang='lat' dir='ltr'>lumine</span> <span class='ocrx_word' id='word_1_65' title='bbox 274 1063 392 1128; x_wconf 85' lang='lat' dir='ltr'>mentis</span> <span class='ocrx_word' id='word_1_66' title='bbox 434 1066 598 1128; x_wconf 76' lang='lat' dir='ltr'>carentem</span> <span class='ocrx_word' id='word_1_67' title='bbox 633 1063 882 1128; x_wconf 78' lang='lat' dir='ltr'>nominaverunt</span> <span class='ocrx_word' id='word_1_68' title='bbox 922 1063 1125 1128; x_wconf 83' lang='lat' dir='ltr'>amentiam</span> 
     </span>
     <span class='ocr_line' id='line_1_11' title="bbox 73 1149 1128 1235; baseline -0.004 -17"><span class='ocrx_word' id='word_1_69' title='bbox 73 1176 102 1218; x_wconf 85' lang='grc' dir='ltr'>ιο</span> <span class='ocrx_word' id='word_1_70' title='bbox 116 1151 314 1235; x_wconf 80' lang='lat' dir='ltr'>eandemque</span> <span class='ocrx_word' id='word_1_71' title='bbox 340 1150 581 1216; x_wconf 88' lang='lat' dir='ltr'>dementiam.</span> <span class='ocrx_word' id='word_1_72' title='bbox 629 1149 681 1216; x_wconf 80' lang='lat' dir='ltr'>Ex</span> <span class='ocrx_word' id='word_1_73' title='bbox 707 1171 771 1235; x_wconf 91' lang='lat' dir='ltr'>quo</span> <span class='ocrx_word' id='word_1_74' title='bbox 797 1150 1050 1234; x_wconf 77' lang='lat' dir='ltr'>intellegendum</span> <span class='ocrx_word' id='word_1_75' title='bbox 1077 1154 1128 1215; x_wconf 86' lang='lat' dir='ltr'>est</span> 
     </span>
     <span class='ocr_line' id='line_1_12' title="bbox 115 1237 1127 1324; baseline 0 -19"><span class='ocrx_word' id='word_1_76' title='bbox 115 1257 187 1323; x_wconf 81' lang='lat' dir='ltr'>eos,</span> <span class='ocrx_word' id='word_1_77' title='bbox 215 1240 271 1324; x_wconf 85' lang='lat' dir='ltr'>qui</span> <span class='ocrx_word' id='word_1_78' title='bbox 297 1239 379 1306; x_wconf 87' lang='lat' dir='ltr'>haee</span> <span class='ocrx_word' id='word_1_79' title='bbox 403 1239 501 1304; x_wconf 87' lang='lat' dir='ltr'>rebus</span> <span class='ocrx_word' id='word_1_80' title='bbox 527 1239 661 1304; x_wconf 87' lang='lat' dir='ltr'>nomina</span> <span class='ocrx_word' id='word_1_81' title='bbox 682 1243 874 1323; x_wconf 86' lang='lat' dir='ltr'>posuerunt,</span> <span class='ocrx_word' id='word_1_82' title='bbox 904 1239 1043 1304; x_wconf 80' lang='lat' dir='ltr'>sensisse</span> <span class='ocrx_word' id='word_1_83' title='bbox 1065 1237 1127 1305; x_wconf 85' lang='lat' dir='ltr'>hoe</span> 
     </span>
     <span class='ocr_line' id='line_1_13' title="bbox 6 1325 1127 1412; baseline -0.002 -20"><span class='ocrx_word' id='word_1_84' title='bbox 6 1367 7 1376; x_wconf 27' lang='grc' dir='ltr'><strong>κ</strong></span> <span class='ocrx_word' id='word_1_85' title='bbox 109 1328 216 1411; x_wconf 87' lang='lat' dir='ltr'>idem,</span> <span class='ocrx_word' id='word_1_86' title='bbox 244 1327 329 1411; x_wconf 86' lang='lat' dir='ltr'>quod</span> <span class='ocrx_word' id='word_1_87' title='bbox 357 1347 377 1391; x_wconf 86' lang='lat' dir='ltr'>a</span> <span class='ocrx_word' id='word_1_88' title='bbox 403 1325 536 1393; x_wconf 78' lang='lat' dir='ltr'>Socrate</span> <span class='ocrx_word' id='word_1_89' title='bbox 567 1331 733 1412; x_wconf 77' lang='lat' dir='ltr'>acceptum</span> <span class='ocrx_word' id='word_1_90' title='bbox 762 1325 934 1411; x_wconf 84' lang='lat' dir='ltr'>diligenter</span> <span class='ocrx_word' id='word_1_91' title='bbox 956 1325 1057 1392; x_wconf 79' lang='lat' dir='ltr'>Stoici</span> <span class='ocrx_word' id='word_1_92' title='bbox 1078 1348 1127 1391; x_wconf 92' lang='lat' dir='ltr'>re·</span> 
     </span>
     <span class='ocr_line' id='line_1_14' title="bbox 114 1414 1149 1501; baseline -0.002 -21"><span class='ocrx_word' id='word_1_93' title='bbox 114 1415 297 1499; x_wconf 76' lang='lat' dir='ltr'>timuerunt,</span> <span class='ocrx_word' id='word_1_94' title='bbox 320 1415 425 1501; x_wconf 80' lang='lat' dir='ltr'>omnis</span> <span class='ocrx_word' id='word_1_95' title='bbox 448 1415 638 1499; x_wconf 85' lang='lat' dir='ltr'>insipientes</span> <span class='ocrx_word' id='word_1_96' title='bbox 662 1435 818 1481; x_wconf 89' lang='lat' dir='ltr'>essenon</span> <span class='ocrx_word' id='word_1_97' title='bbox 840 1437 946 1481; x_wconf 87' lang='lat' dir='ltr'>sanos.</span> <span class='ocrx_word' id='word_1_98' title='bbox 992 1414 1054 1492; x_wconf 84' lang='lat' dir='ltr'>Qui</span> <span class='ocrx_word' id='word_1_99' title='bbox 1078 1418 1149 1480; x_wconf 60' lang='lat' dir='ltr'>estv</span> 
     </span>
     <span class='ocr_line' id='line_1_15' title="bbox 116 1500 1126 1588; baseline -0.003 -18"><span class='ocrx_word' id='word_1_100' title='bbox 116 1505 203 1570; x_wconf 84' lang='lat' dir='ltr'>enim</span> <span class='ocrx_word' id='word_1_101' title='bbox 231 1503 357 1568; x_wconf 87' lang='lat' dir='ltr'>animus</span> <span class='ocrx_word' id='word_1_102' title='bbox 385 1503 420 1568; x_wconf 89' lang='lat' dir='ltr'>in</span> <span class='ocrx_word' id='word_1_103' title='bbox 447 1503 557 1587; x_wconf 88' lang='lat' dir='ltr'>aliquo</span> <span class='ocrx_word' id='word_1_104' title='bbox 584 1503 698 1568; x_wconf 86' lang='lat' dir='ltr'>morbo</span> <span class='ocrx_word' id='word_1_105' title='bbox 730 1500 897 1588; x_wconf 88' lang='lat' dir='ltr'>(morbos</span> <span class='ocrx_word' id='word_1_106' title='bbox 928 1506 1036 1568; x_wconf 86' lang='lat' dir='ltr'>antem</span> <span class='ocrx_word' id='word_1_107' title='bbox 1065 1503 1126 1567; x_wconf 90' lang='lat' dir='ltr'>hos</span> 
     </span>
     <span class='ocr_line' id='line_1_16' title="bbox 6 1589 1127 1677; baseline -0.007 -15"><span class='ocrx_word' id='word_1_108' title='bbox 6 1619 8 1662; x_wconf 74' lang='lat' dir='ltr'>r</span> <span class='ocrx_word' id='word_1_109' title='bbox 74 1615 103 1658; x_wconf 74' lang='lat' dir='ltr'>ss</span> <span class='ocrx_word' id='word_1_110' title='bbox 116 1592 324 1677; x_wconf 87' lang='lat' dir='ltr'>perturbatos</span> <span class='ocrx_word' id='word_1_111' title='bbox 342 1595 460 1675; x_wconf 87' lang='lat' dir='ltr'>motus,</span> <span class='ocrx_word' id='word_1_112' title='bbox 476 1596 515 1656; x_wconf 90' lang='lat' dir='ltr'>ut</span> <span class='ocrx_word' id='word_1_113' title='bbox 527 1589 623 1656; x_wconf 90' lang='lat' dir='ltr'>modo</span> <span class='ocrx_word' id='word_1_114' title='bbox 641 1591 716 1674; x_wconf 84' lang='lat' dir='ltr'>dixi,</span> <span class='ocrx_word' id='word_1_115' title='bbox 734 1589 921 1675; x_wconf 87' lang='lat' dir='ltr'>philosophi</span> <span class='ocrx_word' id='word_1_116' title='bbox 939 1589 1127 1676; x_wconf 85' lang='lat' dir='ltr'>appellant),</span> 
     </span>
     <span class='ocr_line' id='line_1_17' title="bbox 6 1676 1127 1766; baseline -0.001 -20"><span class='ocrx_word' id='word_1_117' title='bbox 6 1695 7 1698; x_wconf 75' lang='grc'>’</span> <span class='ocrx_word' id='word_1_118' title='bbox 115 1701 184 1746; x_wconf 88' lang='lat' dir='ltr'>non</span> <span class='ocrx_word' id='word_1_119' title='bbox 207 1680 313 1766; x_wconf 83' lang='lat' dir='ltr'>magis</span> <span class='ocrx_word' id='word_1_120' title='bbox 336 1682 388 1745; x_wconf 88' lang='lat' dir='ltr'>est</span> <span class='ocrx_word' id='word_1_121' title='bbox 409 1701 506 1744; x_wconf 89' lang='lat' dir='ltr'>sanus</span> <span class='ocrx_word' id='word_1_122' title='bbox 530 1701 627 1764; x_wconf 91' lang='lat' dir='ltr'>quam</span> <span class='ocrx_word' id='word_1_123' title='bbox 645 1679 679 1744; x_wconf 92' lang='lat' dir='ltr'>id</span> <span class='ocrx_word' id='word_1_124' title='bbox 697 1701 825 1763; x_wconf 86' lang='lat' dir='ltr'>corpus,</span> <span class='ocrx_word' id='word_1_125' title='bbox 849 1676 934 1765; x_wconf 90' lang='lat' dir='ltr'>quod</span> <span class='ocrx_word' id='word_1_126' title='bbox 956 1680 991 1744; x_wconf 89' lang='lat' dir='ltr'>in</span> <span class='ocrx_word' id='word_1_127' title='bbox 1013 1679 1127 1745; x_wconf 88' lang='lat' dir='ltr'>morbo</span> 
     </span>
     <span class='ocr_line' id='line_1_18' title="bbox 116 1765 1127 1851; baseline 0 -19"><span class='ocrx_word' id='word_1_128' title='bbox 116 1771 176 1834; x_wconf 82' lang='lat' dir='ltr'>est</span> <span class='ocrx_word' id='word_1_129' title='bbox 212 1767 265 1832; x_wconf 88' lang='lat' dir='ltr'>Ita</span> <span class='ocrx_word' id='word_1_130' title='bbox 286 1765 338 1851; x_wconf 87' lang='lat' dir='ltr'>fit,</span> <span class='ocrx_word' id='word_1_131' title='bbox 361 1769 398 1832; x_wconf 90' lang='lat' dir='ltr'>ut</span> <span class='ocrx_word' id='word_1_132' title='bbox 415 1768 577 1851; x_wconf 88' lang='lat' dir='ltr'>sapientia</span> <span class='ocrx_word' id='word_1_133' title='bbox 595 1767 720 1832; x_wconf 84' lang='lat' dir='ltr'>sanitas</span> <span class='ocrx_word' id='word_1_134' title='bbox 738 1768 782 1832; x_wconf 88' lang='lat' dir='ltr'>sit</span> <span class='ocrx_word' id='word_1_135' title='bbox 805 1767 916 1847; x_wconf 88' lang='lat' dir='ltr'>animi,</span> <span class='ocrx_word' id='word_1_136' title='bbox 939 1767 1127 1851; x_wconf 84' lang='lat' dir='ltr'>insipientia</span> 
     </span>
     <span class='ocr_line' id='line_1_19' title="bbox 117 1855 1128 1941; baseline -0.003 -20"><span class='ocrx_word' id='word_1_137' title='bbox 117 1859 227 1922; x_wconf 88' lang='lat' dir='ltr'>autem</span> <span class='ocrx_word' id='word_1_138' title='bbox 263 1856 357 1941; x_wconf 90' lang='lat' dir='ltr'>quasi</span> <span class='ocrx_word' id='word_1_139' title='bbox 393 1855 552 1921; x_wconf 87' lang='lat' dir='ltr'>insanitas</span> <span class='ocrx_word' id='word_1_140' title='bbox 582 1855 760 1940; x_wconf 83' lang='lat' dir='ltr'>quaedam,</span> <span class='ocrx_word' id='word_1_141' title='bbox 796 1877 879 1939; x_wconf 87' lang='lat' dir='ltr'>quae</span> <span class='ocrx_word' id='word_1_142' title='bbox 914 1858 964 1920; x_wconf 81' lang='lat' dir='ltr'>eet</span> <span class='ocrx_word' id='word_1_143' title='bbox 999 1855 1128 1919; x_wconf 87' lang='lat' dir='ltr'>insania</span> 
     </span>
     <span class='ocr_line' id='line_1_20' title="bbox 117 1943 1128 2029; baseline -0.002 -20"><span class='ocrx_word' id='word_1_144' title='bbox 117 1944 292 2029; x_wconf 89' lang='lat' dir='ltr'>eademque</span> <span class='ocrx_word' id='word_1_145' title='bbox 329 1943 503 2028; x_wconf 83' lang='lat' dir='ltr'>dementia3</span> <span class='ocrx_word' id='word_1_146' title='bbox 539 1944 706 2028; x_wconf 91' lang='lat' dir='ltr'>multoque</span> <span class='ocrx_word' id='word_1_147' title='bbox 742 1943 857 2008; x_wconf 89' lang='lat' dir='ltr'>melius</span> <span class='ocrx_word' id='word_1_148' title='bbox 899 1943 979 2008; x_wconf 82' lang='lat' dir='ltr'>haee</span> <span class='ocrx_word' id='word_1_149' title='bbox 1014 1945 1128 2008; x_wconf 83' lang='lat' dir='ltr'>notata</span> 
     </span>
     <span class='ocr_line' id='line_1_21' title="bbox 72 2028 1128 2116; baseline -0.005 -17"><span class='ocrx_word' id='word_1_150' title='bbox 72 2057 104 2099; x_wconf 83' lang='lat' dir='ltr'>eo</span> <span class='ocrx_word' id='word_1_151' title='bbox 118 2035 195 2098; x_wconf 87' lang='lat' dir='ltr'>sunt</span> <span class='ocrx_word' id='word_1_152' title='bbox 216 2031 324 2097; x_wconf 85' lang='lat' dir='ltr'>verbis</span> <span class='ocrx_word' id='word_1_153' title='bbox 346 2028 471 2096; x_wconf 85' lang='lat' dir='ltr'>Latinis</span> <span class='ocrx_word' id='word_1_154' title='bbox 494 2051 593 2115; x_wconf 85' lang='lat' dir='ltr'>quam</span> <span class='ocrx_word' id='word_1_155' title='bbox 620 2030 766 2116; x_wconf 77' lang='lat' dir='ltr'>Graeeis,</span> <span class='ocrx_word' id='word_1_156' title='bbox 796 2031 882 2116; x_wconf 86' lang='lat' dir='ltr'>quod</span> <span class='ocrx_word' id='word_1_157' title='bbox 904 2031 979 2096; x_wconf 86' lang='lat' dir='ltr'>aliis</span> <span class='ocrx_word' id='word_1_158' title='bbox 1003 2052 1128 2116; x_wconf 88' lang='lat' dir='ltr'>quoque</span> 
     </span>
     <span class='ocr_line' id='line_1_22' title="bbox 116 2116 1127 2204; baseline -0.001 -19"><span class='ocrx_word' id='word_1_159' title='bbox 116 2120 228 2186; x_wconf 79' lang='lat' dir='ltr'>multis</span> <span class='ocrx_word' id='word_1_160' title='bbox 260 2119 341 2184; x_wconf 87' lang='lat' dir='ltr'>loeis</span> <span class='ocrx_word' id='word_1_161' title='bbox 372 2120 559 2204; x_wconf 84' lang='lat' dir='ltr'>reperietur.</span> <span class='ocrx_word' id='word_1_162' title='bbox 613 2116 676 2184; x_wconf 77' lang='lat' dir='ltr'>Sed</span> <span class='ocrx_word' id='word_1_163' title='bbox 711 2119 745 2184; x_wconf 93' lang='lat' dir='ltr'>id</span> <span class='ocrx_word' id='word_1_164' title='bbox 781 2120 877 2203; x_wconf 86' lang='lat' dir='ltr'>alias,</span> <span class='ocrx_word' id='word_1_165' title='bbox 912 2137 1011 2202; x_wconf 86' lang='lat' dir='ltr'>nuno,</span> <span class='ocrx_word' id='word_1_166' title='bbox 1043 2119 1127 2203; x_wconf 89' lang='lat' dir='ltr'>quod</span> 
     </span>
     <span class='ocr_line' id='line_1_23' title="bbox 116 2206 1179 2293; baseline 0.004 -19"><span class='ocrx_word' id='word_1_167' title='bbox 116 2210 231 2274; x_wconf 87' lang='lat' dir='ltr'>instet</span> <span class='ocrx_word' id='word_1_168' title='bbox 280 2207 398 2272; x_wconf 79' lang='lat' dir='ltr'>Totum</span> <span class='ocrx_word' id='word_1_169' title='bbox 431 2208 532 2293; x_wconf 84' lang='lat' dir='ltr'>igitur</span> <span class='ocrx_word' id='word_1_170' title='bbox 563 2206 609 2291; x_wconf 91' lang='lat' dir='ltr'>id,</span> <span class='ocrx_word' id='word_1_171' title='bbox 639 2207 726 2291; x_wconf 90' lang='lat' dir='ltr'>quod</span> <span class='ocrx_word' id='word_1_172' title='bbox 757 2207 955 2293; x_wconf 83' lang='lat' dir='ltr'>quaerimus,</span> <span class='ocrx_word' id='word_1_173' title='bbox 988 2207 1063 2291; x_wconf 89' lang='lat' dir='ltr'>quid</span> <span class='ocrx_word' id='word_1_174' title='bbox 1094 2211 1128 2272; x_wconf 87' lang='lat' dir='ltr'>et</span> <span class='ocrx_word' id='word_1_175' title='bbox 1147 2227 1179 2278; x_wconf 87' lang='lat'>11</span> 
     </span>
     <span class='ocr_line' id='line_1_24' title="bbox 6 2294 1127 2382; baseline 0.001 -22"><span class='ocrx_word' id='word_1_176' title='bbox 6 2327 8 2360; x_wconf 82' lang='grc'>;</span> <span class='ocrx_word' id='word_1_177' title='bbox 113 2296 211 2382; x_wconf 86' lang='lat' dir='ltr'>quale</span> <span class='ocrx_word' id='word_1_178' title='bbox 238 2297 296 2380; x_wconf 89' lang='lat' dir='ltr'>sit,</span> <span class='ocrx_word' id='word_1_179' title='bbox 323 2295 414 2361; x_wconf 82' lang='lat' dir='ltr'>verbi</span> <span class='ocrx_word' id='word_1_180' title='bbox 442 2294 492 2360; x_wconf 84' lang='lat' dir='ltr'>vis</span> <span class='ocrx_word' id='word_1_181' title='bbox 519 2296 593 2380; x_wconf 87' lang='lat' dir='ltr'>ipsa</span> <span class='ocrx_word' id='word_1_182' title='bbox 619 2296 769 2361; x_wconf 80' lang='lat' dir='ltr'>declaret.</span> <span class='ocrx_word' id='word_1_183' title='bbox 818 2295 886 2360; x_wconf 78' lang='lat' dir='ltr'>lios</span> <span class='ocrx_word' id='word_1_184' title='bbox 915 2295 1000 2360; x_wconf 88' lang='lat' dir='ltr'>enim</span> <span class='ocrx_word' id='word_1_185' title='bbox 1031 2316 1127 2361; x_wconf 89' lang='lat' dir='ltr'>sanos</span> 
     </span>
     <span class='ocr_line' id='line_1_25' title="bbox 117 2383 1128 2469; baseline -0.003 -19"><span class='ocrx_word' id='word_1_186' title='bbox 117 2385 271 2469; x_wconf 84' lang='lat' dir='ltr'>quoniam</span> <span class='ocrx_word' id='word_1_187' title='bbox 302 2383 450 2469; x_wconf 80' lang='lat' dir='ltr'>intellegi</span> <span class='ocrx_word' id='word_1_188' title='bbox 480 2401 612 2450; x_wconf 86' lang='lat' dir='ltr'>neeesse</span> <span class='ocrx_word' id='word_1_189' title='bbox 644 2387 708 2467; x_wconf 85' lang='lat' dir='ltr'>est,</span> <span class='ocrx_word' id='word_1_190' title='bbox 746 2401 882 2468; x_wconf 84' lang='lat' dir='ltr'>qnorum</span> <span class='ocrx_word' id='word_1_191' title='bbox 914 2401 1005 2448; x_wconf 87' lang='lat' dir='ltr'>mens</span> <span class='ocrx_word' id='word_1_192' title='bbox 1037 2387 1128 2448; x_wconf 88' lang='lat' dir='ltr'>motu</span> 
     </span>
     <span class='ocr_line' id='line_1_26' title="bbox 73 2470 1126 2558; baseline -0.004 -18"><span class='ocrx_word' id='word_1_193' title='bbox 73 2473 212 2558; x_wconf 77' lang='lat' dir='ltr'>aequasi</span> <span class='ocrx_word' id='word_1_194' title='bbox 234 2472 350 2538; x_wconf 92' lang='lat' dir='ltr'>morbo</span> <span class='ocrx_word' id='word_1_195' title='bbox 371 2472 560 2558; x_wconf 80' lang='lat' dir='ltr'>perturbata</span> <span class='ocrx_word' id='word_1_196' title='bbox 582 2472 674 2536; x_wconf 89' lang='lat' dir='ltr'>nullo</span> <span class='ocrx_word' id='word_1_197' title='bbox 704 2471 761 2554; x_wconf 90' lang='lat' dir='ltr'>sit,</span> <span class='ocrx_word' id='word_1_198' title='bbox 789 2471 846 2556; x_wconf 90' lang='lat' dir='ltr'>qni</span> <span class='ocrx_word' id='word_1_199' title='bbox 872 2473 986 2536; x_wconf 86' lang='lat' dir='ltr'>eontra</span> <span class='ocrx_word' id='word_1_200' title='bbox 1009 2470 1126 2536; x_wconf 83' lang='lat' dir='ltr'>adieet&#39;</span> 
     </span>
     <span class='ocr_line' id='line_1_27' title="bbox 117 2553 1128 2646; baseline -0.003 -20"><span class='ocrx_word' id='word_1_201' title='bbox 117 2561 197 2642; x_wconf 90' lang='lat' dir='ltr'>sint,</span> <span class='ocrx_word' id='word_1_202' title='bbox 223 2561 284 2627; x_wconf 85' lang='lat' dir='ltr'>hos</span> <span class='ocrx_word' id='word_1_203' title='bbox 311 2559 443 2626; x_wconf 84' lang='lat' dir='ltr'>insanos</span> <span class='ocrx_word' id='word_1_204' title='bbox 472 2560 628 2646; x_wconf 86' lang='lat' dir='ltr'>appellari</span> <span class='ocrx_word' id='word_1_205' title='bbox 653 2577 782 2625; x_wconf 85' lang='lat' dir='ltr'>neeesse</span> <span class='ocrx_word' id='word_1_206' title='bbox 808 2561 866 2625; x_wconf 86' lang='lat' dir='ltr'>est</span> <span class='ocrx_word' id='word_1_207' title='bbox 909 2553 1024 2643; x_wconf 84' lang='lat' dir='ltr'>Itaque</span> <span class='ocrx_word' id='word_1_208' title='bbox 1046 2559 1128 2624; x_wconf 90' lang='lat' dir='ltr'>nihil</span> 
     </span>
     <span class='ocr_line' id='line_1_28' title="bbox 118 2645 1128 2734; baseline -0.001 -21"><span class='ocrx_word' id='word_1_209' title='bbox 118 2649 249 2732; x_wconf 87' lang='lat' dir='ltr'>melius,</span> <span class='ocrx_word' id='word_1_210' title='bbox 272 2669 370 2732; x_wconf 89' lang='lat' dir='ltr'>quam</span> <span class='ocrx_word' id='word_1_211' title='bbox 393 2649 479 2734; x_wconf 90' lang='lat' dir='ltr'>quod</span> <span class='ocrx_word' id='word_1_212' title='bbox 501 2653 552 2714; x_wconf 86' lang='lat' dir='ltr'>eet</span> <span class='ocrx_word' id='word_1_213' title='bbox 574 2648 609 2714; x_wconf 90' lang='lat' dir='ltr'>in</span> <span class='ocrx_word' id='word_1_214' title='bbox 631 2647 862 2714; x_wconf 78' lang='lat' dir='ltr'>consuetudine</span> <span class='ocrx_word' id='word_1_215' title='bbox 885 2647 1044 2712; x_wconf 87' lang='lat' dir='ltr'>sermonis</span> <span class='ocrx_word' id='word_1_216' title='bbox 1066 2645 1128 2712; x_wconf 77' lang='lat' dir='ltr'>La</span> 
     </span>
     <span class='ocr_line' id='line_1_29' title="bbox 113 2735 1128 2821; baseline -0.001 -20"><span class='ocrx_word' id='word_1_217' title='bbox 113 2737 194 2821; x_wconf 90' lang='lat' dir='ltr'>tini,</span> <span class='ocrx_word' id='word_1_218' title='bbox 225 2757 298 2802; x_wconf 88' lang='lat' dir='ltr'>eum</span> <span class='ocrx_word' id='word_1_219' title='bbox 318 2737 457 2815; x_wconf 24' lang='lat' dir='ltr'>,exisse</span> <span class='ocrx_word' id='word_1_220' title='bbox 493 2757 537 2801; x_wconf 85' lang='lat' dir='ltr'>ex</span> <span class='ocrx_word' id='word_1_221' title='bbox 567 2738 765 2821; x_wconf 86' lang='lat' dir='ltr'>potestate</span> <span class='ocrx_word' id='word_1_222' title='bbox 797 2735 932 2802; x_wconf 87' lang='lat' dir='ltr'>dioimus</span> <span class='ocrx_word' id='word_1_223' title='bbox 964 2755 1036 2817; x_wconf 89' lang='lat' dir='ltr'>eos,</span> <span class='ocrx_word' id='word_1_224' title='bbox 1072 2736 1128 2820; x_wconf 86' lang='lat' dir='ltr'>qni</span> 
     </span>
     <span class='ocr_line' id='line_1_30' title="bbox 118 2821 1128 2909; baseline -0.002 -19"><span class='ocrx_word' id='word_1_225' title='bbox 118 2821 273 2890; x_wconf 83' lang='lat' dir='ltr'>eoirenati</span> <span class='ocrx_word' id='word_1_226' title='bbox 300 2824 449 2890; x_wconf 86' lang='lat' dir='ltr'>feruntur</span> <span class='ocrx_word' id='word_1_227' title='bbox 476 2828 532 2890; x_wconf 85' lang='lat' dir='ltr'>aut</span> <span class='ocrx_word' id='word_1_228' title='bbox 558 2825 691 2892; x_wconf 87' lang='lat' dir='ltr'>libidine</span> <span class='ocrx_word' id='word_1_229' title='bbox 720 2827 777 2889; x_wconf 87' lang='lat' dir='ltr'>aut</span> <span class='ocrx_word' id='word_1_230' title='bbox 807 2823 985 2908; x_wconf 77' lang='lat' dir='ltr'>iraermdia3</span> <span class='ocrx_word' id='word_1_231' title='bbox 1017 2845 1128 2909; x_wconf 88' lang='lat' dir='ltr'>quam-</span> 
     </span>
     <span class='ocr_line' id='line_1_31' title="bbox 77 2911 1129 2996; baseline -0.005 -16"><span class='ocrx_word' id='word_1_232' title='bbox 77 2932 106 2980; x_wconf 83' lang='lat' dir='ltr'>eo</span> <span class='ocrx_word' id='word_1_233' title='bbox 120 2933 218 2996; x_wconf 85' lang='lat' dir='ltr'>quam</span> <span class='ocrx_word' id='word_1_234' title='bbox 245 2912 317 2996; x_wconf 86' lang='lat' dir='ltr'>ipsa</span> <span class='ocrx_word' id='word_1_235' title='bbox 345 2913 511 2978; x_wconf 79' lang='lat' dir='ltr'>iracundia</span> <span class='ocrx_word' id='word_1_236' title='bbox 532 2913 678 2978; x_wconf 89' lang='lat' dir='ltr'>libidinis</span> <span class='ocrx_word' id='word_1_237' title='bbox 700 2916 753 2977; x_wconf 88' lang='lat' dir='ltr'>est</span> <span class='ocrx_word' id='word_1_238' title='bbox 778 2931 867 2996; x_wconf 83' lang='lat' dir='ltr'>pars3</span> <span class='ocrx_word' id='word_1_239' title='bbox 896 2913 942 2976; x_wconf 85' lang='lat' dir='ltr'>sie</span> <span class='ocrx_word' id='word_1_240' title='bbox 966 2911 1052 2976; x_wconf 90' lang='lat' dir='ltr'>enim</span> <span class='ocrx_word' id='word_1_241' title='bbox 1076 2911 1129 2976; x_wconf 89' lang='lat' dir='ltr'>de·</span> 
     </span>
     <span class='ocr_line' id='line_1_32' title="bbox 115 2999 1128 3084; baseline 0 -20"><span class='ocrx_word' id='word_1_242' title='bbox 115 3000 231 3066; x_wconf 81' lang='lat' dir='ltr'>finitur</span> <span class='ocrx_word' id='word_1_243' title='bbox 253 3001 431 3067; x_wconf 81' lang='lat' dir='ltr'>iracundie:</span> <span class='ocrx_word' id='word_1_244' title='bbox 456 3001 632 3066; x_wconf 78' lang='lat' dir='ltr'>ulciscendi</span> <span class='ocrx_word' id='word_1_245' title='bbox 654 2999 765 3066; x_wconf 88' lang='lat' dir='ltr'>libido.</span> <span class='ocrx_word' id='word_1_246' title='bbox 810 3000 872 3078; x_wconf 83' lang='lat' dir='ltr'>Qui</span> <span class='ocrx_word' id='word_1_247' title='bbox 901 2999 1003 3084; x_wconf 82' lang='lat' dir='ltr'>igitur</span> <span class='ocrx_word' id='word_1_248' title='bbox 1024 2999 1128 3064; x_wconf 82' lang='lat' dir='ltr'>exisse</span> 
     </span>
     <span class='ocr_line' id='line_1_33' title="bbox 115 3087 1129 3173; baseline -0.004 -19"><span class='ocrx_word' id='word_1_249' title='bbox 115 3091 342 3172; x_wconf 69' lang='lat' dir='ltr'>estpotestate</span> <span class='ocrx_word' id='word_1_250' title='bbox 364 3088 526 3173; x_wconf 78' lang='lat' dir='ltr'>dicuntur,</span> <span class='ocrx_word' id='word_1_251' title='bbox 548 3089 668 3154; x_wconf 83' lang='lat' dir='ltr'>idcireo</span> <span class='ocrx_word' id='word_1_252' title='bbox 689 3089 852 3172; x_wconf 80' lang='lat' dir='ltr'>dicuntur,</span> <span class='ocrx_word' id='word_1_253' title='bbox 875 3088 952 3173; x_wconf 87' lang='lat' dir='ltr'>quia</span> <span class='ocrx_word' id='word_1_254' title='bbox 974 3107 1041 3151; x_wconf 90' lang='lat' dir='ltr'>non</span> <span class='ocrx_word' id='word_1_255' title='bbox 1064 3087 1129 3152; x_wconf 89' lang='lat' dir='ltr'>sint</span> 
     </span>
     <span class='ocr_line' id='line_1_34' title="bbox 118 3176 1129 3262; baseline -0.002 -20"><span class='ocrx_word' id='word_1_256' title='bbox 118 3176 153 3241; x_wconf 91' lang='lat' dir='ltr'>in</span> <span class='ocrx_word' id='word_1_257' title='bbox 175 3179 338 3260; x_wconf 87' lang='lat' dir='ltr'>potestate</span> <span class='ocrx_word' id='word_1_258' title='bbox 357 3176 489 3262; x_wconf 89' lang='lat' dir='ltr'>mentis,</span> <span class='ocrx_word' id='word_1_259' title='bbox 512 3177 563 3243; x_wconf 89' lang='lat' dir='ltr'>eui</span> <span class='ocrx_word' id='word_1_260' title='bbox 580 3197 716 3262; x_wconf 83' lang='lat' dir='ltr'>regnum</span> <span class='ocrx_word' id='word_1_261' title='bbox 733 3178 837 3243; x_wconf 87' lang='lat' dir='ltr'>totius</span> <span class='ocrx_word' id='word_1_262' title='bbox 856 3176 956 3240; x_wconf 86' lang='lat' dir='ltr'>animi</span> <span class='ocrx_word' id='word_1_263' title='bbox 975 3177 1129 3240; x_wconf 84' lang='lat' dir='ltr'>enatura</span> 
     </span>
     <span class='ocr_line' id='line_1_35' title="bbox 118 3261 1129 3348; baseline -0.002 -20"><span class='ocrx_word' id='word_1_264' title='bbox 118 3264 277 3330; x_wconf 85' lang='lat' dir='ltr'>tributum</span> <span class='ocrx_word' id='word_1_265' title='bbox 304 3269 363 3330; x_wconf 87' lang='lat' dir='ltr'>est.</span> <span class='ocrx_word' id='word_1_266' title='bbox 412 3265 528 3331; x_wconf 77' lang='lat' dir='ltr'>(iraeei</span> <span class='ocrx_word' id='word_1_267' title='bbox 554 3268 663 3330; x_wconf 88' lang='lat' dir='ltr'>autem</span> <span class='ocrx_word' id='word_1_268' title='bbox 692 3267 816 3348; x_wconf 83' lang='grc' dir='ltr'><strong><em>μανίαν</em></strong></span> <span class='ocrx_word' id='word_1_269' title='bbox 839 3262 922 3328; x_wconf 90' lang='lat' dir='ltr'>unde</span> <span class='ocrx_word' id='word_1_270' title='bbox 953 3261 1129 3347; x_wconf 89' lang='lat' dir='ltr'>appellent,</span> 
     </span>
     <span class='ocr_line' id='line_1_36' title="bbox 6 3350 1244 3439; baseline -0.002 -21"><span class='ocrx_word' id='word_1_271' title='bbox 6 3369 8 3380; x_wconf 77' lang='grc'>’</span> <span class='ocrx_word' id='word_1_272' title='bbox 82 3373 185 3418; x_wconf 78' lang='lat' dir='ltr'>senon</span> <span class='ocrx_word' id='word_1_273' title='bbox 211 3353 306 3418; x_wconf 82' lang='lat' dir='ltr'>iaoile</span> <span class='ocrx_word' id='word_1_274' title='bbox 338 3352 486 3439; x_wconf 83' lang='lat' dir='ltr'>dixerim3</span> <span class='ocrx_word' id='word_1_275' title='bbox 517 3374 589 3419; x_wconf 88' lang='lat' dir='ltr'>eam</span> <span class='ocrx_word' id='word_1_276' title='bbox 620 3358 731 3418; x_wconf 87' lang='lat' dir='ltr'>tamen</span> <span class='ocrx_word' id='word_1_277' title='bbox 762 3353 866 3436; x_wconf 86' lang='lat' dir='ltr'>ipsam</span> <span class='ocrx_word' id='word_1_278' title='bbox 899 3350 1128 3436; x_wconf 83' lang='lat' dir='ltr'>distinguimus</span> <span class='ocrx_word' id='word_1_279' title='bbox 1215 3413 1244 3432; x_wconf 64' lang='lat'><em>„</em></span> 
     </span>
     <span class='ocr_line' id='line_1_37' title="bbox 118 3439 1128 3524; baseline -0.001 -18"><span class='ocrx_word' id='word_1_280' title='bbox 118 3461 179 3507; x_wconf 89' lang='lat' dir='ltr'>nos</span> <span class='ocrx_word' id='word_1_281' title='bbox 210 3441 326 3506; x_wconf 88' lang='lat' dir='ltr'>melius</span> <span class='ocrx_word' id='word_1_282' title='bbox 358 3462 455 3524; x_wconf 88' lang='lat' dir='ltr'>quam</span> <span class='ocrx_word' id='word_1_283' title='bbox 486 3441 544 3506; x_wconf 91' lang='lat' dir='ltr'>illi.</span> <span class='ocrx_word' id='word_1_284' title='bbox 597 3439 691 3506; x_wconf 88' lang='lat' dir='ltr'>Hane</span> <span class='ocrx_word' id='word_1_285' title='bbox 722 3440 809 3506; x_wconf 90' lang='lat' dir='ltr'>enim</span> <span class='ocrx_word' id='word_1_286' title='bbox 839 3439 1015 3523; x_wconf 88' lang='lat' dir='ltr'>insaniam,</span> <span class='ocrx_word' id='word_1_287' title='bbox 1046 3459 1128 3523; x_wconf 90' lang='lat' dir='ltr'>quae</span> 
     </span>
     <span class='ocr_line' id='line_1_38' title="bbox 119 3525 1128 3615; baseline 0 -21"><span class='ocrx_word' id='word_1_288' title='bbox 119 3529 228 3594; x_wconf 85' lang='lat' dir='ltr'>innota</span> <span class='ocrx_word' id='word_1_289' title='bbox 260 3528 403 3596; x_wconf 89' lang='lat' dir='ltr'>stultitia</span> <span class='ocrx_word' id='word_1_290' title='bbox 433 3532 526 3615; x_wconf 84' lang='lat' dir='ltr'>patet</span> <span class='ocrx_word' id='word_1_291' title='bbox 558 3529 672 3614; x_wconf 86' lang='lat' dir='ltr'>latius,</span> <span class='ocrx_word' id='word_1_292' title='bbox 708 3549 728 3596; x_wconf 91' lang='lat' dir='ltr'>a</span> <span class='ocrx_word' id='word_1_293' title='bbox 759 3527 867 3594; x_wconf 89' lang='lat' dir='ltr'>furore</span> <span class='ocrx_word' id='word_1_294' title='bbox 903 3525 1128 3613; x_wconf 85' lang='lat' dir='ltr'>disiungimus.</span> 
     </span>
    </p>
   </div>
   <div class='ocr_carea' id='block_1_3' title="bbox 0 0 1290 3950">
    <p class='ocr_par' dir='ltr' id='par_1_3' title="bbox 0 0 1290 3950">
     <span class='ocr_line' id='line_1_39' title="bbox 0 0 1290 3950; baseline 0 0"><span class='ocrx_word' id='word_1_295' title='bbox 0 0 1290 3950; x_wconf 95' lang='lat' dir='ltr'> </span> 
     </span>
    </p>
   </div>
  </div>
 </body>
</html>
