2564 3952
112 175 115 182 ·
166 213 232 278 320
361 211 660 268 TUSCULANARUM
677 209 979 266 DISPUTATIONUM

71 337 165 490 445
233 373 297 440 Sed
319 375 417 459 plena
439 395 584 440 errorum
608 376 683 438 sunt
705 371 824 437 omnia
864 371 979 436 Trahit
964 370 1179 449 tHeotorem

114 440 208 530 15⁰ad
226 485 354 530 currum
372 463 545 546 religatum
563 460 720 543 Achillem
743 460 879 524 lacerari
903 481 976 524 eum
994 465 1029 524 et
1046 461 1179 541 sentire,
1270 509 1271 512 η

166 552 274 634 eredo,
301 555 365 636 put
350 555 425 616 tut
462 551 552 634 Ergo
583 549 637 615 hio
667 549 850 631 ulciscitur,
881 553 919 612 ut
950 546 1080 630 quidem
1115 509 1180 612 sibi

165 602 305 724 videtiir3
329 643 363 704 at
385 639 445 704 illa
468 639 553 704 sieut
576 636 818 702 acerbissimam
840 658 908 700 rem
930 640 1066 700 maeret.

231 761 334 844 Vidi,
357 761 488 826 videre
511 759 611 845 quod
631 783 686 824 me
709 783 824 844 passa
846 762 1081 844 aegerrume,
1192 783 1206 824 a

231 850 437 916 Hectorem
460 871 572 915 curru
595 848 828 934 quadriiugo
852 848 1058 931 raptarier.

165 993 267 1068 Quem
303 989 492 1073 Hectorem,
528 993 585 1054 aut
621 1011 719 1072 quam
755 989 810 1054 diu
846 989 901 1053 ille
939 989 1001 1054 erit
1031 985 1180 1054 Hector?

165 1081 283 1146 Melius
306 1078 424 1144 Accius
448 1078 676 1162 utaliquando
703 1077 831 1160 sapiens
855 1076 1014 1156 Achilles:
1062 1141 1066 1147 .

232 1187 351 1265 immo
396 1201 592 1264 enimvero
633 1203 770 1284 eorpus
811 1199 965 1264 Priamo
1009 1198 1212 1283 re'ddidif

697 1287 903 1354 Hectorem
930 1287 1089 1353 a‘bstuli.

165 1430 241 1497 Non
265 1429 366 1514 igitur
389 1429 532 1496 Hectora
557 1430 699 1512 traxisti,
728 1429 784 1494 sed
808 1451 938 1513 corpus,
961 1429 1046 1513 quod
1069 1429 1181 1494 fuerat
1195 1456 1220 1494 10

115 1535 165 1584 106
188 1519 348 1584 Hectoris.
397 1519 481 1584 Eoos
509 1519 590 1584 alius
619 1517 761 1582 exoritur
789 1539 806 1581 e
833 1521 935 1601 terra,
959 1517 1015 1601 qui
1038 1524 1181 1582 matrem

166 1607 306 1674 dormire
328 1629 396 1672 non
418 1608 519 1672 sinat:
1214 1621 1218 1630 '

232 1731 310 1795 Mat
315 1732 366 1814 er,
398 1733 435 1794 te
470 1729 640 1814 appello,
671 1733 727 1812 tu,
759 1751 854 1816 quae
887 1751 1013 1794 euram
1045 1730 1181 1795 sonmo
1268 1725 1271 1732 ’

717 1839 942 1901 suspensam
963 1819 1088 1900 levas,

232 1907 447 1992 Nequeo
409 1907 447 1970 te‘
488 1905 560 1970 mei
601 1906 771 1990 miseret,
762 1908 1013 2058 ‚surpgmelp
1037 1905 1180 2039 sepeli
1270 1905 1271 1949 i

166 2137 257 2214 Haeo
275 2157 347 2202 oum
365 2133 486 2219 pressis
503 2137 537 2198 ot
553 2134 715 2200 flebilibus
734 2134 847 2217 modis,
865 2135 921 2218 qui
938 2135 1018 2199 totis
1037 2133 1180 2201 theatris
1194 2161 1220 2201 15

167 2223 365 2290 maestitiam
383 2221 539 2300 inferant,
561 2223 786 2304 concinuntur,
809 2222 940 2288 difficile
959 2225 1094 2288 estnon
1113 2246 1181 2307 eos,

167 2313 223 2397 qui
245 2311 405 2377 inhumati
428 2310 509 2394 sint,
531 2309 667 2376 miseros
690 2311 841 2378 iudicare.

755 2433 867 2500 Prius
891 2435 1003 2518 quam
1025 2434 1135 2500 ferae

235 2523 503 2606 Voluore‘sque
526 2560 576 2587 -.

169 2665 299 2747 Metuit,
329 2687 369 2730 no
396 2664 545 2728 laseratis
573 2663 727 2728 membris
750 2663 856 2728 minus
880 2665 962 2730 bene
985 2667 1109 2748 utatur,
1136 2686 1179 2732 ue
1194 2691 1221 2732 ro

172 2753 364 2836 combustis,
390 2774 458 2818 non
479 2753 667 2817 extimescit.

235 2875 315 2940 Neu
351 2875 558 2961 relliquias
598 2874 781 2940 semiesas
823 2875 936 2939 sireis
972 2875 1179 2942 denudatis
1268 2898 1269 2927 i

934 2964 1088 3028 ossibus
1159 3023 1162 3028 .

234 3052 306 3116 Per
323 3053 465 3116 terram
484 3051 590 3116 sanie
609 3050 802 3115 de'libutas
822 3049 933 3116 foe'de
951 3051 1179 3118 divexarier.

119 3205 167 3254 10⁷
191 3190 267 3258 Non
293 3193 462 3277 intellego,
490 3193 565 3276 quid
593 3196 729 3274 metuat,
757 3214 830 3258 oum
856 3198 925 3258 tam
947 3195 1050 3260 bonos
1074 3198 1178 3278 septe·

169 3282 279 3348 uarios
305 3281 421 3345 fundat
449 3280 491 3345 ad
517 3281 642 3344 tibiam.
687 3280 871 3346 Tenendum
893 3286 944 3346 est
973 3283 1074 3368 igitur
1095 3283 1179 3347 nihil
1192 3309 1218 3350 rs

171 3368 346 3432 curandum
365 3388 436 3432 essa
454 3372 530 3450 post
548 3372 694 3449 mortem,
713 3389 785 3432 oum
802 3370 897 3434 multi
915 3370 1064 3435 inimicos
1080 3372 1181 3434 etiam

170 3460 315 3521 mortuos
338 3455 543 3538 poeniuntur.
591 3453 787 3520 Exseoratur
814 3457 987 3522 luculentis
1011 3481 1088 3522 sane
1112 3481 1179 3523 rar-

171 3540 260 3604 sibus
293 3541 377 3624 apud
409 3541 553 3604 Ennium
580 3541 748 3626 Thyestes,
777 3545 918 3627 primum
944 3550 981 3610 ut
1006 3547 1179 3630 naufragio
