2574 3956
151 193 215 257 120
317 194 365 250 DE
384 195 529 250 FINIBUS
548 195 728 250 BONORUM
745 197 793 252 ET
811 198 995 254 MALORUM

148 353 185 407 ab
208 353 336 408 omnibus
361 354 483 424 dicatur,
510 372 581 423 quae
604 356 641 409 sit
663 355 692 409 in
714 356 834 411 iucundo
857 359 936 412 motu
965 375 1072 427 sensus,
1097 362 1162 416 tum

149 439 224 492 eam,
243 441 313 492 quae
331 425 424 495 posita
443 425 480 479 sit
498 425 528 480 in
544 443 601 480 non
620 427 750 508 dolendo,
768 428 949 483 haerentem
964 429 1074 485 diversa
1087 447 1162 512 esse,

148 495 330 633 &tardat
351 499 430 621 tu·
446 498 638 636 titillat?
650 498 978 624 ,imitatem
994 517 1060 626 a?
1072 503 1161 626 antii?

147 635 250 691 iactum
274 653 346 706 esse,
370 655 433 692 cum
456 654 545 706 neque
568 638 599 691 in
621 637 719 694 dolore
741 655 831 707 neque
854 640 1053 710 inuoluptate
1072 642 1160 696 simus
1267 673 1271 678 -

148 707 219 776 (cap.
245 710 343 777 4-5).
388 707 461 762 Hinc
487 708 544 762 iam
572 709 716 778 Torquato
742 710 909 780 respondere
933 712 1058 780 nolente
1082 715 1160 780 quod

148 777 304 832 dialecticis
327 778 503 848 captionibus
527 795 557 832 se
579 779 682 834 irretiri
704 782 798 850 putat,
825 780 921 836 Cicero
939 785 1077 852 perpetua
1096 801 1159 838 ora-

147 848 224 903 tione
248 849 323 902 idem
342 849 481 918 explicare
503 850 596 920 pergit
613 849 777 920 Epicurum,
804 851 828 904 si
846 851 902 906 duo
920 852 971 906 illa
989 852 1160 924 coniungere

146 919 246 986 vellet,
266 918 372 989 duplici
389 920 443 975 fine
461 919 597 974 bonorum
615 920 658 974 uti
676 921 817 988 debuisse;
844 923 913 977 duas
932 923 1006 978 enim
1025 940 1085 978 esse
1103 941 1162 993 res,

146 1007 203 1044 nou
225 990 315 1044 solum
337 990 424 1045 verba
447 993 519 1061 (cap.
539 993 579 1060 6),
602 1008 675 1045 nunc
699 1010 785 1046 unum
803 1009 867 1047 enm
886 1009 920 1048 cx
938 993 1045 1049 duobus
1063 995 1159 1050 facere

147 1059 254 1126 conari,
273 1077 338 1114 nam
356 1060 497 1116 interdurn
514 1062 556 1117 ita
573 1063 653 1130 loqui
671 1063 706 1117 de
724 1065 803 1118 motu
820 1063 975 1132 voluptatis
989 1065 1018 1119 in
1032 1081 1159 1134 corpore,

146 1133 178 1184 nt
205 1131 290 1186 etiam
316 1131 442 1186 luxuriae
469 1133 657 1202 patrocinium
689 1133 829 1204 suscipere
861 1134 991 1190 videatur
1019 1137 1089 1204 (cap.
1119 1140 1160 1204 7),

146 1203 230 1257 modo
249 1200 311 1269 quis
330 1202 475 1271 eleganter
492 1205 522 1258 et
540 1207 621 1258 caute
639 1205 796 1258 luxuriosus
815 1204 852 1259 sit
870 1207 1018 1272 (ettamen
1033 1207 1157 1260 luxurio-

147 1289 192 1326 sos
211 1271 334 1326 suaviter
350 1271 457 1340 virere,
480 1290 537 1327 non
555 1274 638 1339 bene,
663 1292 734 1342 quae
757 1275 842 1344 louge
861 1274 918 1330 sint
940 1275 1066 1330 diiuncta
1084 1287 1157 1346 (cap.

146 1347 187 1413 8),
205 1359 257 1398 nea
275 1345 351 1397 recte
369 1343 520 1412 Epicurum
539 1345 707 1414 cupiditates
731 1345 858 1400 divisisse
882 1346 1021 1401 desideria
1038 1349 1159 1402 naturae

147 1430 210 1467 cum
224 1430 257 1468 cu
277 1412 424 1468 iditau'bns
439 1415 677 1485 confimdentem);
692 1416 791 1471 deinde
806 1418 908 1481 autern,
923 1435 985 1472 curn
993 1417 1077 1486 huius
1092 1435 1158 1472 eum

148 1483 254 1554 turpitu
276 1484 327 1538 'nis
350 1485 493 1554 puduerit,
518 1485 557 1540 sic
576 1487 696 1540 alterum
713 1485 797 1554 illud,
820 1505 877 1541 non
896 1487 1006 1556 dolore,
1032 1489 1159 1558 laudare,
1231 1541 1235 1546 .

146 1558 178 1608 ut
194 1555 273 1625 prior
289 1555 340 1609 illa
357 1557 386 1611 et
403 1573 470 1610 vera
487 1557 618 1625 voluptas
637 1556 801 1612 obscuretur
819 1560 889 1628 (cap.
910 1561 945 1627 9).
983 1559 1080 1627 ltaque
1099 1576 1158 1612 non

145 1629 220 1680 recte
243 1643 307 1679 eum
330 1641 347 1679 a
369 1627 462 1696 pueris
485 1629 514 1682 et
535 1626 632 1682 bestiis
656 1631 852 1697 argumentum
875 1645 996 1696 sumere,
1021 1647 1084 1683 cum
1108 1647 1159 1684 eos

147 1713 262 1752 suavem
274 1696 537 1767 illammluptatem
547 1700 676 1768 expetere
690 1699 775 1767 dicat,
790 1717 927 1753 summum
941 1702 1036 1753 autem
1049 1701 1157 1754 bonum

145 1785 201 1823 non
220 1768 314 1822 dolere
334 1784 394 1824 esse
412 1768 483 1823 velit
500 1771 572 1840 (cap.
593 1771 645 1839 10).
686 1769 745 1824 Nec
768 1769 880 1824 omnino
905 1769 1009 1825 animal
1034 1771 1158 1841 primum

147 1841 252 1907 crtum,
270 1841 303 1893 ut
319 1839 495 1910 voluptatem
513 1842 605 1909 petat,
623 1842 724 1894 natura
741 1840 859 1908 moveri,
887 1839 936 1894 sed
954 1843 987 1894 ut
1005 1857 1034 1895 se
1053 1841 1158 1911 diligat

147 1912 176 1964 et
194 1911 351 1976 conservet;
370 1909 465 1978 itaque
482 1910 513 1963 in
530 1910 577 1978 iis,
597 1927 668 1979 quae
681 1910 773 1980 prima
786 1912 967 1980 appetantur,
986 1912 1076 1966 multa
1094 1928 1159 1966 esse

146 1983 257 2048 praeter
270 1979 457 2049 voluptamm,
476 1982 559 2048 atcpre
577 1981 612 2035 ab
627 1982 726 2035 horum
739 1981 892 2051 primorum
906 1981 1077 2036 naturalium
1091 1998 1157 2036 con·

146 2049 292 2104 stitutione
306 2049 392 2103 fluere
407 2066 516 2104 omnem
529 2051 667 2106 bonoram
681 2053 861 2107 etmalorum
879 2052 1026 2120 rationem,
1046 2054 1156 2107 cataros

145 2120 328 2190 philosophos
356 2119 410 2174 sibi
437 2120 609 2188 constitisse,
636 2125 668 2176 ut
695 2122 742 2189 iis,
771 2139 841 2191 quae
871 2122 963 2191 prima
987 2123 1159 2192 posuissent,

145 2191 207 2244 finis
225 2191 362 2245 bonorum
379 2192 574 2260 responderet,
592 2191 743 2262 Epicurum
757 2210 774 2246 a
789 2209 817 2246 se
837 2192 994 2262 discrepare
1014 2195 1084 2263 (cap.
1101 2197 1156 2262 ll).

145 2261 252 2314 Deinde
272 2260 368 2314 Cicero
386 2261 512 2343 disputat
529 2279 585 2316 non
603 2279 732 2317 sensuum
750 2263 804 2318 hoc
823 2279 883 2317 esse
902 2263 936 2317 de
955 2280 1061 2317 summo
1082 2265 1157 2318 bono

144 2331 290 2397 iudicium,
314 2331 363 2386 sed
385 2333 514 2400 rationis,
538 2349 609 2402 quae
633 2351 728 2389 omnes
751 2335 904 2388 sententias
928 2337 977 2388 aut
1001 2335 1157 2403 voluptatis

145 2401 295 2472 participes
324 2403 373 2457 ant
399 2403 510 2458 virtutis
538 2406 665 2474 expertes
693 2403 791 2458 reiciat
818 2407 889 2475 (cap.
915 2407 967 2474 12).
1007 2405 1096 2459 Huius
1125 2423 1158 2460 se

146 2474 272 2542 exemplo
296 2475 513 2530 controversiam
536 2475 660 2530 minuere
683 2476 756 2530 velle
779 2477 1040 2544 semoturumquea
1062 2475 1156 2544 philo-

146 2544 244 2613 sophia
263 2546 369 2598 cetoras
388 2546 553 2614 sententias,
571 2547 601 2600 in
620 2545 719 2614 quibus
732 2545 810 2600 nulla
824 2545 861 2600 sit
879 2545 989 2600 virtutis
1009 2543 1155 2600 adiunctio

146 2617 217 2683 (cap.
238 2617 289 2736 132.
335 2615 379 2668 Ita
401 2615 523 2685 relinqui
544 2617 618 2671 inter
639 2617 774 2671 virtutem
792 2618 821 2670 et
838 2618 1013 2686 voluptatem
1034 2617 1070 2671 ab
1088 2616 1155 2685 Epi-

146 2701 212 2738 curo
231 2685 265 2737 de
278 2701 372 2739 cnsam
391 2689 540 2741 certamen.
581 2688 639 2740 lam
658 2687 682 2740 si
700 2686 854 2741 ostenderit
876 2687 984 2754 aliquid
1005 2687 1156 2741 honestum

144 2755 369 2892 tartari
384 2756 618 2880 illelil'ttptet
635 2774 719 2882 “tat
737 2757 1157 2883 9¹·tdffi‘ttr0tttudd

144 2893 265 2948 hominis
293 2895 382 2948 omnis
413 2843 501 2951 virius
532 2845 656 2952 oriatuip
665 2847 833 2968 (cap.lg¹14),’
853 2846 919 2964 iren,
952 2900 984 2951 ut
1017 2897 1156 2968 Epicurus

144 2967 237 3034 putet,
260 2964 290 3018 id
312 2981 373 3020 csso
395 2966 558 3036 honestum,
581 2969 656 3037 quod
677 2969 809 3040 populari
830 2968 907 3023 fama
930 2969 1063 3024 laudetur
1080 2971 1153 3037 (cap.

147 3039 198 3103 15).
230 3035 311 3100 Quod
330 3038 421 3090 autem
442 3038 577 3108 Epicurus
591 3041 745 3109 voluptatis
765 3055 848 3094 causa
867 3042 897 3094 et
913 3039 1156 3094 incommodorum

144 3108 222 3159 metu
243 3105 363 3160 virtutes
386 3109 480 3178 expeti
503 3110 616 3178 doceat,
638 3111 800 3180 perinfirma
822 3125 856 3164 ea
881 3109 1071 3179 improbitatis
1094 3111 1155 3163 vin-

145 3177 208 3230 cula
225 3176 256 3230 in
274 3175 383 3230 callidis
402 3182 430 3232 et
448 3181 610 3249 potentibus
628 3181 788 3235 hominibus
807 3196 880 3248 esse,
906 3198 970 3234 cum
988 3179 1155 3250 praesertim

143 3246 264 3315 Epicuro
290 3247 389 3316 etqui
412 3266 476 3305 eum
499 3254 651 3319 sequantur
673 3252 759 3306 etiam
789 3268 852 3306 cum
879 3251 1006 3319 periculo
1034 3266 1155 3320 magnae

143 3317 304 3386 voluptates
328 3334 429 3388 eaque,
453 3321 553 3388 quibus
575 3322 641 3376 illae
665 3324 810 3392 parentur,
833 3321 912 3376 velut
934 3321 1082 3391 pecuniae,
1107 3336 1155 3390 pe·

117 3445 120 3449 ,
143 3387 228 3441 tanda
251 3386 308 3441 sint
330 3391 401 3459 (cap.
422 3395 559 3459 16-18),
578 3392 751 3460 eandemque
774 3391 977 3462 temperantiae
997 3395 1026 3446 et
1042 3391 1154 3446 fortitu-

144 3456 217 3511 dinis
235 3458 374 3513 rationem
392 3477 466 3528 esse,
488 3463 521 3515 ut
537 3477 588 3516 eae
606 3465 667 3516 tum
686 3463 798 3518 demum
817 3479 853 3532 ap
874 3465 984 3531 areant,
1009 3462 1033 3516 si
1049 3461 1155 3516 nullius

144 3528 284 3582 commodi
303 3546 387 3585 eausa
404 3531 521 3585 honeste
538 3535 641 3601 agatur
659 3535 732 3604 (cap.
753 3537 804 3603 19).
847 3480 877 3586 ξι
894 3532 1010 3602 Epicuri
1031 3548 1099 3588 vera
1117 3533 1156 3586 sit
