2586 3950
343 185 411 239 nlla
430 187 463 240 11.
493 185 569 240 cnP.
591 192 636 253 re,
655 191 697 239 ao.
726 191 882 250 §oo-oa.
1059 186 1121 248 147

112 348 218 412 dicere
247 348 408 431 videbare,
437 370 509 413 oum
537 370 575 412 ex
603 348 705 412 altera
732 350 824 430 parte
846 347 991 430 ponebas
1014 369 1123 412 eumu-

112 436 215 500 latum
239 437 377 520 aliquem
395 436 546 519 plurimis
571 440 603 500 et
624 435 773 500 maximis
792 435 1014 518 voluptatibus
1033 436 1122 500 nullo

111 545 172 588 nec
203 524 367 606 praesenti
404 545 463 589 nec
498 523 607 588 futuro
640 523 764 607 dolore,
801 545 839 586 ex
876 523 979 587 altera
1015 527 1123 587 autem

114 611 309 676 cruciatibus
336 613 487 676 maximis
515 615 587 676 toto
615 633 749 694 corpore
778 610 868 674 nnlla
890 632 949 675 nee
972 610 1123 675 adiuncta

85 721 172 764 auec
205 703 336 783 sperata
367 701 547 783 voluptate,
580 703 613 764 et
645 699 834 782 quaerebas,
865 699 936 782 quis
974 703 1031 762 aut
1061 698 1123 762 hoe

112 788 262 852 miserior
280 792 337 852 aut
356 789 521 872 superiore
539 788 595 852 illo
616 787 755 870 beatior3
779 786 891 850 deinde
911 786 1123 851 concludebas

113 896 274 939 summum
302 876 424 940 malum
452 897 520 940 esse
549 875 705 958 dolorem,
733 896 892 938 summum
920 874 1040 938 bonum
1068 896 1123 938 vo-

113 963 285 1046 luptatem!
398 1041 400 1046 ι

180 1049 215 1115 L.
244 1049 382 1116 Thorius
409 1049 533 1116 Balbus
560 1051 635 1135 fuit,
667 1050 864 1129 Lanuvinus,
891 1073 986 1134 quem
1014 1051 1177 1121 merui-20

71 1165 98 1204 ιο
111 1137 200 1202 nisse
223 1141 259 1202 tu
280 1161 348 1204 non
369 1143 471 1224 potes.
516 1137 549 1202 Is
572 1140 620 1202 ita
642 1139 785 1222 vivebat,
808 1141 845 1203 ut
866 1139 958 1204 nulla
980 1143 1048 1203 tam
1073 1161 1125 1203 ex·

113 1225 235 1308 quisita
261 1231 373 1311 posset
399 1227 537 1292 inveniri
564 1227 728 1310 voluptas,
756 1249 819 1310 qua
845 1248 912 1291 non
938 1227 1123 1291 abundaret.

112 1313 195 1378 Erat
214 1317 248 1378 et
268 1315 402 1398 cupidus
421 1316 628 1399 voluptatum
648 1315 767 1379 eteius
785 1315 911 1399 generis
930 1315 1124 1399 intellegens

113 1405 147 1464 et
169 1403 333 1486 copiosus,
355 1403 403 1467 ita
425 1425 491 1468 non
514 1403 774 1486 superstitiosus,
798 1407 834 1467 nt
856 1403 915 1466 illa
932 1403 1072 1486 plurima
1090 1405 1125 1467 in

114 1511 173 1554 sua
204 1491 310 1574 patria
343 1490 500 1555 sacrificia
532 1495 565 1555 et
600 1491 676 1555 fana
708 1493 939 1574 contemneret,
976 1491 1023 1554 ita
1058 1513 1124 1556 non

71 1604 98 1644 15
113 1577 247 1642 timidus
276 1578 316 1643 ad
343 1581 493 1662 mortem,
521 1582 559 1642 ut
585 1579 618 1644 in
642 1580 710 1643 acie
735 1579 778 1642 sit
804 1579 846 1642 ob
869 1600 937 1642 rem
960 1579 1124 1662 publicam

112 1665 311 1732 interfectus
349 1663 551 1750 Cupiditates
571 1688 636 1730 non
655 1665 789 1749 Epicuri
808 1667 962 1730 divisione
983 1666 1123 1746 finiebat,
1143 1680 1177 1727 64

113 1753 170 1817 sed
198 1776 256 1818 sua
284 1753 443 1819 satietate.
493 1753 646 1818 Habebat
674 1758 785 1818 tamen
811 1754 971 1818 rationem
1003 1755 1125 1818 valetn-

112 1841 211 1904 dinis:
239 1841 391 1906 utebatur
417 1842 458 1906 iis
489 1842 785 1926 exercitationibus,
817 1845 854 1906 ut
881 1841 921 1906 ad
949 1863 1061 1906 cenam
1092 1846 1125 1906 et

114 1929 228 1992 sitiens
248 1934 281 1993 et
299 1931 442 1994 esuriens
462 1931 600 2014 veniret,
622 1952 659 1994 eo
679 1930 774 2014 cibo,¹
788 1930 844 2014 qui
863 1933 895 1993 et
913 1929 1123 1994 suavissimus

71 2041 99 2082 ro
113 2020 200 2081 esset
227 2020 260 2080 et
287 2017 372 2082 idem
404 2017 576 2082 facillimus
605 2018 645 2082 ad
678 2017 953 2101 concoquendum,
984 2018 1058 2082 vino
1092 2023 1124 2082 et

114 2104 154 2169 ad
178 2105 391 2188 voluptatem,
420 2111 452 2170 et
474 2129 515 2170 ne
537 2109 676 2171 noceret.
722 2105 837 2172 Cetera
858 2106 917 2169 illa
940 2105 1123 2186 adhibebat,

113 2193 231 2276 quibus
254 2193 392 2276 demptis
414 2198 515 2278 negat
538 2216 572 2258 se
590 2193 748 2277 Epicurus
771 2194 957 2279 intellegere
981 2194 1057 2276 quid
1081 2195 1124 2258 sit

113 2279 243 2345 bonum.
300 2281 424 2346 Aberat
460 2283 564 2346 omnis
597 2281 701 2363 dolor,
740 2282 795 2366 qui
828 2281 857 2345 si
890 2281 1028 2364 adesset,
1063 2303 1123 2346 uec

113 2367 256 2434 molliter
287 2369 387 2432 ferret
419 2372 451 2434 et
481 2374 591 2434 tamen
622 2369 753 2434 medicis
785 2369 857 2452 plus
890 2390 987 2452 qnam
1019 2370 1123 2452 philo-

72 2480 99 2520 25
115 2453 225 2539 sophis
258 2460 411 2522 uteretur.
461 2455 564 2522 'Color
600 2457 762 2541 egreginr,
798 2456 927 2540 integra
963 2456 1123 2536 valetud0,

115 2567 239 2608 summa
279 2546 400 2629 gratia,
442 2545 510 2608 vita
551 2545 686 2628 denique
732 2543 877 2609 conferta
920 2545 1122 2628 voluptatum

116 2634 255 2698 omnium
284 2633 450 2698 varietate.
499 2630 594 2696 Hune
622 2655 679 2697 vos
706 2631 851 2710 beatum3
881 2631 967 2696 ratio
991 2632 1122 2716 quidem
1142 2654 1175 2702 es

116 2724 221 2785 vestra
244 2720 291 2786 sie
315 2721 410 2805 cogit.
456 2719 502 2784 At
525 2741 585 2804 ego
609 2741 704 2804 quem
725 2720 801 2784 huic
824 2723 1032 2804 anteponam,
1058 2743 1123 2787 non

113 2808 214 2874 audeo
242 2809 358 2892 dicere3
386 2808 471 2878 dioet
498 2831 557 2891 pro
581 2831 632 2872 me
657 2807 730 2891 ipsa
751 2809 855 2872 virtus
878 2829 937 2872 nee
960 2809 1123 2874 dubitabit

71 2921 98 2960 eo
113 2896 168 2960 isti
191 2901 298 2961 vestro
323 2897 419 2961 beato
442 2895 487 2960 M.
509 2895 672 2988 {tegulum
698 2900 906 2979 anteponere,
934 2919 1027 2980 quem
1054 2899 1122 2981 qui-

113 2984 199 3068 dem,
230 3007 303 3050 oum
336 3007 396 3048 sua
427 2984 609 3066 voluntate,
639 2984 731 3048 nulla
763 2984 796 3048 vi
828 2988 957 3048 coactus
994 2992 1123 3068 praeter

111 3071 220 3155 fidem,
253 3094 349 3155 quam
381 3071 514 3136 dederat
543 3071 644 3156 hosti,
679 3093 717 3135 ex
749 3071 855 3154 patria
886 3071 1121 3156 Karthaginem

112 3160 310 3242 revertisset,
330 3163 401 3225 tum
423 3160 544 3242 ipsum,
566 3181 639 3224 cum
657 3159 778 3242 vigiliis
802 3165 834 3224 et
856 3159 942 3224 fame
966 3162 1121 3224 cruciare-

112 3251 178 3330 tur,
206 3249 325 3313 clamat
351 3249 454 3313 virtus
489 3249 665 3312 beatiorem
692 3247 794 3312 fuisse
826 3269 922 3330 quam
953 3250 1121 3332 potantem

70 3361 96 3401 ³5
111 3336 146 3402 in
168 3357 243 3401 rosa
266 3335 429 3400 Thorium.
479 3335 574 3400 Bella
601 3356 722 3420 magna
748 3339 906 3420 gesserat,
933 3336 984 3399 bis
1008 3338 1121 3402 consul

110 3423 231 3506 fuerat,
253 3424 472 3506 triumpharat
493 3445 552 3488 nee
575 3428 684 3487 tamen
707 3445 765 3488 sua
788 3423 846 3511 illa
866 3423 1031 3508 superiora
1053 3429 1121 3488 tam

110 3532 230 3596 magna
252 3534 355 3596 neque
378 3517 447 3576 tam
469 3512 636 3594 praeclara
659 3511 795 3575 ducebat
818 3533 914 3595 quam
933 3512 1025 3576 illum
1045 3513 1120 3577 ulti·

907 3615 960 3668 ro*
