2564 3950
156 199 219 262 182
317 201 365 254 DE
385 199 529 254 FINIBUS
548 199 728 255 BONORUM
745 200 793 254 ET
813 199 995 256 MALORUM

154 361 196 445 is,
220 361 270 426 cui
294 361 453 445 contingit
471 365 507 427 ut
525 362 594 426 iure
617 361 780 444 laudetur,
802 361 903 426 habet
921 362 1048 447 insigne
1072 363 1161 448 quid·
1272 405 1278 428 1

154 449 228 514 dam
256 449 295 514 ad
322 449 417 514 decus
445 453 478 512 et
505 449 545 512 ad
574 449 724 534 gloriam,
750 453 788 514 ut
816 449 857 514 ob
881 471 932 532 ea,
962 471 1044 534 quae
1067 455 1162 516 tanta

154 537 233 620 sint,
259 537 375 602 beatus
403 537 466 601 dici
493 537 561 601 iure
582 538 701 620 possit,
731 537 816 600 idern
845 536 884 600 de
906 537 976 604 uita
997 538 1076 602 tulis
1098 540 1161 603 viri

153 625 331 690 rectissime
354 625 486 690 dicetur.
526 623 592 708 Its,
615 626 643 690 si
666 625 763 690 beata
780 625 849 690 vita
866 624 1039 690 honestate
1062 627 1161 692 cerni-

153 719 220 796 tur,
248 713 333 796 quod
356 713 528 778 honestum
551 717 615 797 est,
641 712 675 777 id
703 713 825 778 bonum
848 714 953 778 solum
975 713 1187 780 habendums

100 814 134 864 29
154 806 214 866 est.
258 801 340 877 Quid
363 800 461 865 vero?
484 801 636 885 negarine
658 800 726 864 ullo
747 799 842 866 modo
865 802 970 884 possit
990 823 1161 884 numquam

154 910 345 975 quemquam
378 888 490 954 stabili
522 893 555 952 et
581 889 674 954 firmo
705 892 738 952 et
764 909 882 974 magno
910 890 1032 971 animo,
1055 912 1160 975 ,quem
1277 877 1278 898 ¹

152 978 270 1042 fortem
299 977 406 1041 virum
433 977 583 1059 dicimus,
611 976 695 1041 effici
721 998 831 1060 posse,
858 976 922 1042 nisi
947 977 1160 1044 constitutum

153 1067 197 1130 sit
219 1079 286 1130 non'
307 1087 377 1130 esse
400 1065 523 1130 malum
546 1064 711 1129 dolorem?
751 1062 798 1129 Ut
820 1065 919 1148 enirn,
942 1065 997 1150 qui
1020 1071 1158 1132 mortem

152 1153 187 1217 in
210 1153 304 1216 malis
326 1153 433 1236 ponit,
453 1173 519 1217 non
538 1155 645 1236 potest
664 1173 735 1216 eam
753 1173 821 1216 non
842 1152 970 1230 timere,
993 1154 1039 1218 sic
1061 1175 1159 1219 nemo
1174 1180 1199 1218 ro
1277 1207 1278 1216 ,

152 1241 220 1303 ulla
242 1241 276 1304 in
298 1261 332 1303 re
352 1243 461 1324 potest
484 1240 530 1322 id,
553 1240 638 1323 quod
656 1240 778 1304 malum
796 1262 867 1305 esse
886 1240 1071 1324 decreverit,
1093 1264 1160 1307 non

153 1349 264 1392 curare
286 1327 382 1411 idque
405 1333 618 1393 contemnere.
660 1327 731 1404 Quo
754 1327 862 1412 posito
885 1331 918 1392 et
941 1325 1087 1394 omninm'
1109 1352 1160 1394 as·

153 1437 249 1480 sensu
286 1416 466 1499 approbato
499 1415 579 1480 illud
611 1417 802 1500 assumitur,
834 1438 920 1498 eum,
953 1417 1007 1501 qui
1040 1427 1159 1501 magno

153 1503 197 1568 sit
225 1504 333 1568 animo
361 1506 458 1587 atque
485 1503 576 1586 forti,
603 1503 726 1586 omnia,
754 1526 835 1588 quae
864 1504 974 1568 cadere
997 1505 1033 1568 in
1053 1504 1156 1570 homi·

151 1613 226 1656 nem
252 1592 393 1676 possint,
419 1591 582 1675 despicere
610 1613 647 1656 ac
676 1613 734 1675 pro
762 1591 865 1656 nihilo
891 1597 1014 1675 putare.
1070 1592 1159 1669 Quae
1173 1618 1198 1656 15
1277 1631 1278 1650 i

153 1702 226 1744 cum
255 1681 303 1744 ita
334 1680 413 1764 sint,
445 1681 593 1744 effectum
621 1679 778 1744 estnihil
806 1701 877 1744 esse
904 1679 1041 1764 malum,
1073 1680 1159 1763 quod

151 1772 246 1851 turpe
264 1790 330 1833 non
348 1768 399 1833 sit.
426 1766 534 1851 Atque
549 1769 611 1832 iste
629 1768 679 1832 vir
698 1767 782 1834 altus
803 1771 836 1832 et
854 1768 1021 1851 excellens,
1038 1787 1158 1852 magno

152 1856 275 1939 animo,
306 1876 380 1922 vere
407 1854 516 1936 fortis,
547 1855 632 1920 infra
662 1877 696 1918 se
725 1856 834 1920 omnia
861 1854 1003 1920 humana
1029 1855 1158 1938 ducens,

151 1944 194 2026 is,
216 1944 360 2028 inquam,
383 1964 478 2028 quem
509 1942 633 2008 efficere
656 1942 817 2026 volumus,
841 1951 935 2027 quem
965 1943 1157 2028 quaerimus

152 2035 237 2096 certe
266 2035 298 2095 et
325 2030 481 2096 confidere
510 2030 573 2095 sibi
600 2029 696 2095 debet
723 2051 760 2094 ac
788 2052 865 2096 suae
891 2031 977 2096 uitae
1005 2034 1038 2095 et
1066 2037 1197 2096 actaea

152 2123 185 2181 et
204 2118 413 2202 consequenti
432 2121 465 2182 et
486 2118 569 2182 bene
592 2117 631 2181 de
651 2139 720 2182 sese
738 2118 878 2183 iudicare
906 2121 1053 2184 statuens
1074 2118 1157 2184 nihil

150 2227 247 2290 posse
265 2206 343 2269 mali
362 2205 501 2270 incidere
519 2205 667 2289 sapienti.
701 2205 752 2270 Ex
771 2228 834 2291 quo
853 2206 1054 2292 intellegitur
1071 2206 1158 2271 idem

150 2293 246 2377 illud,
274 2293 380 2358 solum
407 2294 528 2359 bonum
556 2315 639 2376 esse,
667 2293 753 2377 quod
779 2293 950 2358 honestum
978 2295 1035 2378 sit,
1060 2294 1158 2379 idque

153 2404 222 2464 esse
244 2382 339 2447 beate
362 2383 481 2446 vivere:
504 2381 652 2459 honeste,
674 2381 709 2446 id
727 2383 776 2446 est
793 2403 866 2445 cum
885 2382 1017 2465 virtute,
1040 2383 1158 2448 vivere.

98 2449 133 2573 32,
217 2467 286 2535 Nec
308 2492 382 2535 vero
406 2471 522 2555 ignoro
545 2470 652 2534 varias
674 2469 942 2554 philosophorum
964 2469 1065 2534 fuisse
1086 2491 1156 2534 sen·
1171 2495 1197 2535 rs

151 2560 285 2641 terties,
308 2580 417 2624 eornm
441 2558 525 2642 dico,
553 2557 607 2642 qui
630 2578 791 2624 summum
814 2557 949 2640 bonum,
977 2558 1061 2642 quod
1084 2558 1157 2622 ulti-

150 2668 239 2710 mum
267 2646 407 2730 appello,
435 2647 469 2710 in
497 2645 603 2710 animo
631 2648 797 2730 ponerent
848 2644 936 2720 Quae
963 2667 1158 2729 quamquam

150 2733 267 2797 vitiose
287 2733 417 2817 quidam
436 2732 540 2798 secuti
558 2737 646 2814 sunt,
667 2736 777 2798 tumen
790 2753 857 2797 non
870 2731 967 2799 modo
984 2733 1025 2798 iis
1043 2733 1158 2816 tribus,

150 2821 206 2906 qui
228 2820 383 2885 virtutem
407 2843 426 2884 a
450 2841 575 2885 summo
603 2821 689 2884 bono
713 2824 977 2906 segregaverunt,
1003 2842 1076 2886 cum
1100 2825 1157 2885 aut

149 2909 350 2992 voluptatem
374 2913 431 2972 aut
448 2907 644 2972 vacuitatem
667 2907 789 2972 doloris
814 2911 871 2974 aut
893 2908 999 2993 prima
1020 2912 1157 2974 naturae
1170 2935 1196 2976 eo

149 2998 186 3061 in
213 2995 346 3060 summis
373 2995 468 3060 bonis
495 3001 665 3078 ponerent,
692 2995 748 3059 sod
775 2997 873 3061 etiam
901 2995 1014 3060 alteris
1042 2996 1159 3080 tribus,

150 3085 206 3170 qui
238 3104 386 3148 mancam
417 3081 487 3148 fore
514 3087 711 3166 putaverunt
738 3082 808 3147 sine
836 3083 947 3167 aliqua
976 3084 1158 3148 accessione

149 3175 303 3236 virtutem
331 3171 373 3234 ob
400 3191 534 3254 eamque
562 3192 630 3234 rem
657 3170 757 3234 trium
785 3191 895 3236 sarum
924 3192 1045 3255 rerum,
1076 3193 1158 3256 quus
1275 3213 1276 3234 i

150 3283 248 3343 supra
270 3259 351 3342 dixi,
374 3257 494 3344 singuli
513 3257 660 3343 singulas
679 3257 885 3341 addiderunt,
909 3295 947 3306 -
972 3259 1025 3324 his
1047 3261 1159 3324 tamen
1241 3280 1244 3286 ·
1275 3259 1276 3330 t

150 3348 300 3412 omnibus
324 3368 378 3411 eos
401 3350 578 3430 antepono,
602 3345 794 3411 cuicuimodi
813 3350 902 3430 sunt,
924 3347 980 3431 qui
998 3368 1197 3413 summumne

96 3436 271 3503 sibonum
303 3435 337 3499 in
370 3434 478 3500 animo
511 3437 607 3517 atque
638 3434 675 3498 in
705 3433 824 3498 virtute
856 3438 1045 3518 posuerunt.
1095 3433 1159 3499 Sed

151 3527 227 3586 sunt
248 3528 359 3587 tamen
381 3521 569 3606 perabsurdi
593 3525 626 3585 et
648 3521 686 3604 ii,
714 3522 769 3606 qui
793 3533 865 3586 cunt
893 3522 1029 3586 scientia
1051 3523 1158 3586 vivere
