2470 3962
55 232 58 238 ,
150 170 192 233 10
365 165 658 224 acrnmmmfflmm
675 163 952 222 Ferramenta·
992 175 993 178 ’

70 327 72 330 ’
147 335 259 396 nostro
296 352 348 394 nra
385 329 609 394 exhibiturum.
667 327 845 413 Pergameis
885 329 998 414 igitur,
1041 329 1164 413 inquit,

97 433 129 480 19
148 420 303 504 qnoniam
331 419 446 502 planet.
492 415 570 482 Fuit
601 437 677 502 ergo
709 417 775 480 iam
807 422 940 500 aeoepta
972 439 992 480 a
1020 417 1163 481 Platone

148 505 399 592 philosophandi
424 505 509 571 ratio
535 506 667 589 triplex,
693 527 758 569 una
786 504 824 570 do
851 505 921 569 rita
942 509 975 570 et
1002 506 1163 587 moribus,

149 597 253 662 altera
270 597 309 660 da
327 599 445 660 natura
463 597 496 658 et
513 595 609 658 rebare
629 592 775 675 occultis,
794 593 894 658 tortia
911 593 954 669 da
969 593 1161 658 disserendo

149 688 195 768 et,
222 683 301 768 qnid
319 705 443 765 nerum,
466 681 543 765 quid
564 681 696 764 falsum,
718 681 794 764 quid
812 685 935 746 reatum
954 682 988 745 in
1008 682 1191 746 oratione5

148 793 338 856 pravumve,
375 769 452 855 quid
483 771 702 853 consentiam,
735 769 812 854 qnid
848 789 1032 854 repugnans
1067 774 1161 852 essee,

148 860 330 926 indicando.
374 861 423 922 Aa
445 859 585 942 primum
609 858 699 922 iilam
726 861 852 941 partem
880 858 962 922 bene
985 858 1115 922 vivendi
1140 879 1161 920 a

148 953 267 1014 marra
285 947 440 1031 patebant
458 947 550 1030 eique
573 945 751 1029 parendum
774 967 843 1010 asse
868 945 1033 1032 dicebant,¹
1052 967 1160 1030 neque

148 1037 217 1102 ulta
244 1036 308 1100 alia
334 1036 369 1100 in
395 1035 517 1098 renisi
547 1034 582 1098 in
603 1037 721 1098 natura
743 1033 962 1118 quaerendum
984 1055 1053 1098 esse
1076 1034 1160 1098 illud

149 1146 309 1190 summum
341 1124 475 1206 bonum,
507 1143 569 1206 quo
603 1123 711 1188 omnia
741 1121 950 1205 referrentur,
983 1123 1158 1187 constitue·
1176 1149 1203 1188 ro

149 1213 292 1296 bonique
311 1216 489 1276 extremum
507 1232 578 1275 esse
601 1231 708 1280 rerum
730 1210 981 1294 expetendarum
1004 1213 1040 1274 et
1058 1211 1160 1274 finem

149 1301 308 1366 honorum
335 1299 489 1383 adeptam
517 1321 588 1364 aare
614 1299 724 1368 omnia
747 1303 905 1364 enatura
932 1303 965 1363 et
993 1299 1103 1364 animo
1127 1302 1161 1362 et

149 1410 287 1472 corpore
312 1392 345 1452 et
368 1389 447 1453 vita.
498 1385 654 1470 Corporis
679 1390 786 1450 autern
809 1387 873 1451 atia
900 1387 1065 1470 ponebant
1087 1407 1160 1450 ease

149 1478 185 1540 in
205 1480 290 1560 toto,
314 1476 383 1540 alia
400 1477 436 1540 in
457 1475 616 1558 partibus,
639 1475 871 1558 valetudinem,
897 1476 995 1557 vireo,
1017 1475 1161 1558 pnlehri·

108 1641 109 1644 Ἴ
149 1565 296 1629 tudinem
314 1566 349 1628 in
366 1567 447 1647 toto,
469 1565 504 1628 in
526 1564 676 1648 partibus
696 1567 804 1628 autam
826 1585 937 1627 sensns
957 1564 1101 1647 integros
1127 1567 1162 1626 et
1176 1589 1202 1627 15

149 1654 384 1736 praestantiam
412 1653 554 1737 aliquam
579 1652 722 1735 partium
745 1652 958 1736 singularum,
984 1655 1022 1715 nt
1048 1651 1083 1714 in
1105 1673 1161 1734 pe-

151 1741 247 1806 dibus
269 1741 476 1824 celeritatem,
499 1742 565 1804 vim
583 1741 619 1804 in
637 1740 794 1822 manibus,
818 1739 1000 1804 claritatem
1018 1740 1053 1803 in
1071 1761 1159 1818 voce,

150 1830 185 1894 in
219 1830 331 1914 lingna
368 1829 465 1894 etiam
502 1829 705 1911 explanatam
740 1849 856 1893 vocum
896 1827 1159 1911 impressionem

96 1940 132 1987 20
151 1918 250 1982 animi
279 1921 400 2000 antem,
422 1938 508 2000 qnae
532 1921 640 1980 essent
668 1915 708 1979 ad
737 1915 1068 1999 comprehendendam
1096 1917 1159 1980 vir-

150 2009 256 2070 tutem
285 2006 416 2087 idonea,
448 2025 549 2088 eaque
582 2005 623 2068 ab
654 2004 697 2068 iia
731 2005 765 2068 in
800 2008 951 2068 naturam
983 2008 1016 2069 et
1051 2026 1159 2069 mores
1175 2030 1200 2068 eo

98 2157 103 2174 .
150 2092 383 2158 dividebantur.
432 2090 576 2156 Naturae
608 2092 805 2157 celeritatem
837 2093 877 2156 ad
906 2093 1093 2158 discendum
1128 2095 1160 2156 et

150 2181 341 2245 memoriam
372 2180 505 2264 dabant,
543 2203 679 2264 quornm
710 2183 883 2264 utrumque
918 2181 1037 2244 mentis
1074 2184 1161 2245 esset

151 2269 317 2352 propriam
341 2272 373 2332 et
395 2269 524 2353 ingenii.
575 2267 703 2333 Morum
731 2273 838 2332 autem
865 2270 1025 2352 putabant
1052 2269 1159 2334 studia

152 2379 223 2422 esee
246 2361 278 2421 et
296 2357 389 2440 quasi
407 2356 685 2443 consuetudinem
709 2379 806 2441 quam
824 2357 946 2441 partim
965 2357 1158 2421 adsiduitate

152 2446 406 2528 exercitationis>
437 2445 556 2529 partim
583 2446 711 2510 ratione
741 2445 941 2525 formabant,
973 2446 1008 2509 in
1041 2445 1157 2529 quibus
1172 2470 1197 2509 2⁵

152 2537 222 2599 erat
248 2535 321 2617 ipsa
348 2533 566 2618 philosophia.
614 2533 654 2597 In
682 2555 746 2619 qna
777 2534 862 2618 quod
893 2533 1081 2598 inchoatum
1110 2538 1159 2598 est

151 2644 254 2707 neque
286 2622 488 2702 absolutum,
525 2621 709 2706 progressio
744 2622 901 2706 quaedam
933 2621 973 2686 ad
1005 2622 1157 2686 virtutem

152 2710 349 2793 appellatum
368 2709 452 2793 qnod
471 2713 579 2774 autern
598 2709 792 2791 absolutum,
814 2709 927 2794 virtue,
945 2709 979 2774 id
998 2713 1048 2774 est
1067 2711 1157 2794 qnasi

152 2797 310 2880 perfectio
332 2801 467 2861 naturae
490 2797 700 2879 omniumque
723 2818 845 2876 rerum,
873 2819 951 2882 quas
979 2798 1014 2862 in
1042 2798 1156 2862 animis

98 2907 132 2954 21
152 2888 289 2970 ponunt,
311 2907 377 2950 nna
393 2906 444 2949 res
465 2885 595 2968 optima.
631 2884 722 2970 Ergo
740 2884 820 2950 haee
838 2888 1026 2950 animorum.
1064 2886 1157 2951 Vitae
1170 2911 1195 2950 ro

153 2976 262 3038 autem
299 2971 346 3058 (id
383 2973 468 3036 enim
501 2977 571 3037 erat
606 2971 753 3058 tertium)
786 2973 936 3039 adiuncta
973 2996 1043 3039 essa
1079 2973 1157 3040 diee-

152 3063 248 3144 bant,
274 3082 354 3146 qnae
383 3060 423 3124 ad
451 3060 580 3125 virtutis
608 3083 701 3124 usum
732 3062 884 3146 valerent.
938 3061 1025 3126 Nam
1056 3063 1158 3128 virtus

152 3151 188 3214 in
215 3149 315 3214 animi
342 3148 437 3214 bonis
464 3152 497 3212 et
525 3149 561 3213 in
588 3150 731 3233 eorporis
755 3151 896 3216 cernitar
919 3154 951 3214 et
973 3151 1008 3215 in
1030 3151 1158 3234 quibus·

153 3239 242 3321 dam,
270 3258 351 3321 qnae
379 3257 447 3302 non
473 3240 542 3302 tam
563 3241 699 3304 naturae
726 3259 822 3322 quam
850 3239 965 3303 beatae
995 3239 1081 3304 vitae
1104 3241 1157 3304 ad-

153 3326 263 3390 iuneta
296 3329 379 3389 aunt.
433 3324 607 3390 Hominem
633 3327 724 3392 ‘enim
757 3348 825 3391 ease
858 3324 1033 3391 censebant
1067 3329 1193 3412 quaein

152 3416 279 3496 partem
303 3413 464 3496 quandam·
485 3414 627 3478 civitatis
649 3418 682 3478 et
703 3415 847 3478 universi
870 3415 996 3499 generis
1019 3415 1157 3499 humani,

152 3521 287 3585 eumque
323 3523 393 3566 ease
430 3502 634 3568 coniunctum
671 3522 744 3565 oum
782 3502 967 3567 hominibus
996 3506 1159 3568 'communi
