2502 3960
166 224 208 288 70
420 221 712 284 AOADEMIOORUM
728 222 897 278 PRIORUM

162 407 280 450 remus.
319 383 396 450 Non
418 384 570 465 facimus;
592 407 667 448 nam
689 387 758 448 tam
780 407 857 450 vera
881 407 977 469 quam
1000 384 1087 449 falsa
1111 370 1185 449 cer·
1245 389 1246 444 ξ

162 475 281 539 nimus.
324 471 386 537 Sed
409 472 569 557 probandi
592 473 715 556 species
739 477 797 558 est,
820 473 1020 557 percipiendi
1044 473 1184 557 signum
1245 475 1246 478 ’

111 607 154 672 35
163 563 289 628 nullum
311 561 477 626 habemus.

230 649 279 714 Ac
311 649 392 714 mihi
427 649 538 714 videor
568 649 664 712 nimis
697 650 794 713 etiam
826 671 911 714 nuno
935 669 1030 733 agere
1060 649 1185 714 ieiune.

186 737 269 804 Cum
306 738 349 802 sit
382 738 467 802 enim
503 758 650 820 campuS,
685 737 720 800 in
761 759 825 821 quo
866 737 1029 802 exsultare
1069 739 1216 820 possita

165 827 284 911 oratio,
320 847 376 890 cur
411 847 482 890 cam
513 828 622 888 tantas
658 824 694 888 in
725 826 893 910 angustias
926 830 959 890 et
990 823 1184 895 Stoicorum
1245 875 1246 880 η

165 915 296 980 dumeta
324 913 568 997 compellimus?
626 910 661 976 Si
688 913 773 976 enim
801 912 883 977 mihi
910 935 984 979 cum
1011 913 1184 998 Peripate-

163 1004 230 1068 tico
262 1024 312 1067 res
345 1005 444 1085 esset,
481 1001 537 1085 qui
573 1001 605 1066 id
637 1001 758 1084 percipi
790 1023 885 1084 posse
917 1001 1051 1085 diceret,
1090 1003 1183 1086 quod
1245 1083 1246 1086 Ἴ

163 1092 357 1174 impressum
380 1094 466 1154 esset
484 1110 602 1172 avere,
624 1110 727 1173 neque
751 1089 884 1154 adderet
906 1089 997 1153 illam
1019 1109 1184 1174 magnam

166 1179 396 1243 accessionem:
420 1177 496 1262 ‘quo
519 1177 614 1241 modo
638 1177 781 1261 imprimi
803 1199 868 1242 non
891 1181 1004 1260 posset
1027 1199 1047 1241 a
1069 1177 1182 1261 falso,'
1200 1203 1246 1241 ιο,

165 1289 239 1331 cum
262 1265 403 1350 simplici
434 1265 564 1330 homine
588 1265 779 1348 simpliciter
807 1285 937 1350 agerem
963 1287 1023 1330 nec
1054 1284 1182 1351 magno
1245 1349 1246 1352 Ἴ

165 1373 261 1438 opere
285 1354 510 1418 contenderem
534 1356 629 1436 atque
652 1353 761 1437 etiam,
783 1354 819 1436 si,
842 1375 916 1418 cum
939 1373 999 1438 ego
1024 1353 1108 1419 nihil
1132 1355 1182 1419 di·

166 1464 270 1507 cerem
293 1463 388 1526 posse
411 1440 609 1526 comprendi,
640 1440 759 1505 diceret
785 1442 841 1507 ille
866 1443 1048 1526 sapientem
1076 1443 1182 1507 inter-

166 1531 242 1594 dum
256 1531 392 1614 opinari,
414 1552 480 1595 non
501 1547 725 1614 repugnarem,
747 1531 941 1614 praesertim
954 1551 995 1594 ne
1010 1528 1183 1596 Carneade
1245 1541 1246 1586 3

165 1619 294 1704 quidem
318 1618 394 1683 huic
416 1619 488 1684 loco
502 1618 595 1683 valde
613 1622 821 1702 repugnante.
852 1617 947 1683 Nunc
971 1619 1048 1703 quid
1069 1619 1181 1684 facere
1198 1640 1225 1681 15
1245 1627 1246 1646 i

113 1734 164 1783 113
187 1709 340 1791 possum?
388 1707 513 1782 Quaero
542 1706 651 1790 enim,
674 1707 749 1789 quid
780 1707 836 1790 sit,
868 1706 954 1792 quod
987 1708 1181 1792 comprendi
1245 1707 1246 1776 Ῐ

165 1795 279 1880 possit.
330 1795 518 1879 Respondet
549 1794 630 1859 mihi
660 1816 725 1858 non
757 1794 950 1860 Aristoteles
984 1798 1040 1860 aut
1072 1795 1180 1860 Theo·
1245 1801 1246 1804 ’

165 1884 332 1967 phrastus,
353 1905 395 1947 ne
417 1883 615 1948 Xenocrates
640 1882 769 1965 quidem
791 1886 849 1948 aut
870 1882 1013 1966 Polem0,
1044 1883 1101 1948 sed
1124 1884 1180 1949 his

166 1971 320 2036 minores:
349 1970 430 2034 ‘tale
454 1993 579 2053 verum,
602 1972 695 2053 quale
717 1971 837 2035 falsum
861 1991 931 2035 esse
954 1993 1022 2036 non
1044 1971 1180 2054 possit.'
1245 1991 1246 1994 ’

165 2057 258 2124 Nihil
286 2058 355 2122 eius
385 2058 473 2123 modi
504 2058 642 2122 invenio.
686 2058 800 2142 Itaque
832 2059 998 2144 incognito
1021 2059 1181 2125 nimirum
1195 2081 1222 2120 eo

167 2145 342 2229 adsentiar,
372 2145 406 2209 id
429 2149 478 2210 est
501 2145 667 2229 opinabor.
712 2145 783 2212 Hoc
806 2146 887 2211 mihi
910 2151 942 2211 et
964 2145 1180 2232 Peripatetici

166 2237 314 2298 etvetus
337 2233 513 2298 Academia
540 2233 699 2317 concedit,
732 2257 789 2300 vos
818 2235 961 2320 negatis,
993 2235 1180 2301 Antiochus

165 2321 200 2386 in
222 2321 349 2406 primis,
379 2321 433 2406 qui
467 2343 517 2386 me
540 2322 634 2386 valde
656 2326 778 2406 movet,
806 2323 858 2388 uel
881 2324 966 2406 quod
989 2325 1098 2389 amavi
1121 2324 1182 2390 ho·

167 2410 296 2494 minem,
316 2409 401 2474 sicut
422 2410 478 2476 ille
492 2432 554 2492 me,
577 2411 629 2474 vel
643 2410 729 2495 quod
746 2411 794 2475 ita
807 2411 922 2489 iudice,
940 2411 1181 2495 politissimum

166 2503 200 2562 et
229 2498 452 2563 acutissimum
483 2498 628 2564 omnium
661 2501 792 2564 nostrae
823 2500 999 2564 memoriae
1030 2500 1179 2584 philoso-
1194 2521 1219 2561 25
1245 2579 1246 2582 Ἴ

166 2586 312 2670 phorum.
357 2586 388 2650 A
411 2609 474 2670 quo
504 2587 644 2671 primum
667 2608 800 2671 quaero,
832 2610 894 2672 quo
923 2588 1055 2653 tandem
1079 2591 1180 2656 modo
1245 2597 1246 2600 ’

167 2675 211 2738 sit
225 2675 293 2738 eius
308 2673 513 2757 Academiae,
536 2675 625 2738 cuius
644 2695 714 2738 esse
734 2697 767 2740 se
789 2676 990 2759 profiteatur.
1020 2675 1068 2742 Ut
1084 2679 1181 2743 omit·
1245 2727 1246 2730 ,

165 2765 235 2826 tam
263 2761 343 2845 alia,
374 2761 454 2826 haec
477 2761 553 2846 duo,
576 2761 615 2826 de
639 2761 754 2846 quibus
779 2765 901 2848 agitur,
925 2764 998 2849 quis
1020 2788 1180 2851 umquam

168 2848 249 2912 dixit
272 2853 329 2913 aut
350 2850 469 2914 veteris
485 2849 684 2914 ,Academiae
708 2855 765 2916 aut
786 2851 1092 2937 Peripateticorum,
1126 2855 1181 2920 vel

166 2935 201 3001 id
225 2937 329 3001 solum
352 2938 474 3022 percipi
497 2959 605 3022 posse,
628 2939 713 3023 quod
736 2942 822 3004 esset
843 2961 955 3004 verum
977 2941 1059 3025 tale,
1082 2943 1179 3026 quale
1193 2960 1217 3000 ³0

166 3025 285 3089 falsum
308 3046 465 3090 essenon
491 3030 616 3112 posset,
646 3028 697 3092 vel
720 3027 898 3110 sapientem
920 3027 1005 3092 nihil
1028 3030 1180 3113 opinari?
1245 3071 1246 3092 2

167 3113 260 3179 Certe
290 3135 393 3178 nemo.
438 3114 564 3179 Horum
590 3119 741 3180 neutrum
771 3119 844 3178 ante
868 3115 1028 3181 Zenonem
1056 3139 1180 3204 magno

166 3224 263 3285 opere
299 3202 465 3266 defensum
502 3207 564 3286 est;
606 3223 666 3287 ego
706 3207 816 3268 tamen
852 3206 1024 3289 utrumque
1065 3227 1181 3271 verum
1245 3205 1246 3266 ]

166 3293 246 3372 puto
268 3311 331 3354 nec
354 3291 424 3354 dico
452 3291 609 3374 temporis
634 3312 744 3374 causa,
777 3291 832 3354 sed
863 3291 911 3356 ita
938 3292 1036 3375 plane
1063 3296 1179 3377 probo.
1245 3303 1246 3354 ἱ

113 3376 156 3440 36
232 3377 318 3442 Illud
347 3378 432 3441 ferre
460 3399 526 3443 non
555 3400 701 3462 possum:
746 3378 795 3442 Tu
825 3400 897 3443 curn
927 3401 979 3445 me
1008 3381 1180 3466 incognito
1193 3397 1217 3438 3⁵
1245 3385 1246 3448 }

115 3466 167 3515 114
190 3466 344 3530 adsentiri
366 3469 456 3530 vetes
479 3465 574 3548 idque
597 3465 820 3548 turpissimum
845 3487 915 3530 esse
938 3467 1026 3532 dicas
1051 3474 1085 3533 et
1112 3471 1181 3554 ple·
1245 3487 1246 3548 fi

166 3553 337 3620 nissimum
371 3553 577 3637 temeritatis,
613 3557 740 3620 tantum
776 3553 839 3617 tibi
871 3554 1020 3641 adroges,
1056 3560 1094 3622 ut
1128 3581 1182 3624 ex·

112 699 162 749 112
