2568 3948
159 257 225 322 286
356 256 654 314 TUSCULANARUM
672 257 974 313 DISPUTATIONUM

160 421 335 486 discessum
359 420 460 484 animi
484 442 504 484 a
527 441 660 503 corpore
683 423 798 503 putent
820 441 891 484 esse
914 423 1067 504 mortem3
1095 425 1174 483 sunt

160 509 215 593 qui
237 509 361 573 nullum
385 512 538 573 censeant
560 507 630 572 fieri
653 507 843 591 discessum,
866 507 923 572 sed
943 529 1006 572 una
1025 507 1172 572 animum

160 602 193 661 et
220 618 336 681 corpus
364 597 521 680 occidere,
550 597 754 680 animumque
782 597 817 660 in
850 616 984 678 corpore
1015 597 1173 679 extingui.

160 685 222 762 Qui
249 685 410 750 discedere
439 685 582 748 animum
609 687 755 766 censent,
783 683 840 748 alii
864 683 977 748 statim
1006 683 1172 768 dissipari,

159 774 215 838 alii
237 773 291 838 diu
314 794 516 858 permanere,
538 773 594 837 alii
618 793 752 856 semper.
803 770 885 848 Quid
910 771 953 835 sit
975 792 1073 856 porro
1097 772 1199 855 ipses

159 862 285 928 animus
309 866 366 928 aut
387 862 443 928 ubi
466 866 523 928 aut
544 861 642 946 unde,
665 879 785 945 magna
808 859 965 925 dissensio
989 863 1046 924 est.
1084 859 1171 924 Aliis
1205 889 1209 898 Δ

159 974 215 1018 cor
233 953 340 1038 ipsum
360 953 486 1018 animus
504 951 640 1034 videtur,
659 973 697 1016 ex
716 971 778 1034 quo
798 948 992 1030 excordes
1011 969 1172 1012 vaecor-

159 1041 222 1106 des
250 1041 535 1126 concordesque
564 1040 712 1105 dicuntur
741 1043 773 1102 et
796 1037 916 1102 Nasica
948 1036 1003 1100 ille
1026 1035 1172 1120 prudens

159 1129 210 1194 bis
233 1128 346 1195 consul
369 1126 575 1194 Corculum
599 1132 631 1192 et

159 1253 328 1336 Egregie
358 1251 540 1317 cordatus
566 1223 828 1336 homo,⁴catus
858 1253 992 1318 Aelius
1022 1251 1173 1319 Sextus.
1189 1281 1216 1318 ιο

108 1413 139 1460 19
158 1392 371 1475 Empedocles
400 1393 544 1458 animum
573 1415 641 1458 esse
671 1397 781 1458 censet
807 1393 895 1459 cordi
919 1393 1074 1458 suffusum
1099 1417 1173 1460 san·

159 1481 302 1566 guinem,
337 1481 410 1546 aliis
438 1504 515 1566 pars
543 1480 699 1566 quaedam
728 1483 851 1547 cerebri
883 1481 955 1548 visa
987 1486 1037 1546 est
1070 1483 1174 1547 animi

157 1570 375 1654 principatum
403 1573 527 1654 tenere,
560 1568 633 1635 aliis
661 1590 720 1636 nec
747 1591 803 1635 cor
833 1570 940 1653 ipsum
972 1571 1079 1654 placet
1111 1592 1174 1636 nec

159 1657 282 1722 cerebri
309 1659 471 1741 quandam
502 1661 627 1741 partem
660 1679 730 1722 esse
762 1658 918 1742 animum,
958 1659 1014 1723 sed
1047 1658 1103 1722 aiii
1134 1658 1173 1722 in

159 1745 269 1823 corde,
297 1747 353 1810 alii
380 1746 414 1811 in
442 1747 572 1812 cerebro
601 1745 750 1810 dixerunt
778 1745 877 1810 animi
904 1767 974 1810 esse
1005 1747 1115 1810 sedem
1138 1751 1174 1812 et
1189 1774 1214 1812 15

130 1835 280 1914 'locum3
313 1835 457 1899 animum
485 1838 593 1898 autem
620 1833 678 1898 alii
710 1834 866 1910 animam,
898 1837 935 1898 ut
965 1833 1034 1898 fere
1065 1835 1173 1899 nostri

159 1919 340 2006 (declarant
357 1923 502 2005 nomina,
521 1944 597 1986 nam
615 1925 650 1985 et
668 1942 781 2006 agere
801 1922 964 1986 animam
982 1925 1015 1985 et
1029 1921 1172 1986 efflare

159 2009 294 2074 dicimus
331 2014 364 2074 et
400 2009 593 2075 animosos
630 2013 663 2072 et
699 2010 794 2073 bene
831 2010 1024 2074 animatos
1058 2013 1092 2074 et
1129 2032 1174 2074 ex

161 2099 280 2162 animi
308 2097 518 2180 sententiam
545 2096 616 2182 ipse
646 2101 755 2162 autem
783 2097 933 2163 animus
966 2098 1007 2161 ab
1041 2098 1174 2163 anima
1271 2169 1272 2174 η

109 2190 150 2254 10
161 2184 265 2249 dictus
289 2183 364 2269 est);
387 2181 508 2249 Zenoni
531 2183 641 2250 Stoico
665 2183 792 2249 animus
814 2185 900 2270 ignis
925 2186 1061 2251 videtur.
1108 2184 1173 2251 Sed
1188 2213 1217 2251 20

158 2272 238 2337 haec
274 2271 418 2359 quidem,
454 2293 536 2356 quae
572 2272 761 2356 dixi,.001·,
798 2272 982 2357 cerebrum,
1020 2274 1173 2357 animam,

159 2361 269 2446 ignem
300 2361 414 2445 vulg03
446 2360 572 2445 reliqua
608 2359 673 2424 fere
710 2361 845 2446 singuli,
881 2364 918 2426 ut
955 2363 1058 2428 multo
1096 2366 1174 2426 ante
1270 2409 1271 2444 ,

158 2453 298 2532 veteres,
324 2449 470 2533 proxime
498 2453 606 2514 autem
638 2448 866 2533 Aristoxenus,
899 2451 1039 2515 musicus
1071 2449 1174 2514 idem·
1270 2453 1271 2524 t

160 2559 221 2619 quc
240 2537 464 2622 philosophus,
484 2538 587 2620 ipsius
606 2537 751 2620 corporis
770 2537 984 2605 intentionem
998 2538 1173 2622 quandam,
1270 2531 1271 2612 ἶ

158 2625 248 2688 velut
270 2625 305 2689 in
328 2629 425 2690 cantu
449 2628 482 2690 et
503 2624 620 2690 fidibus
640 2647 721 2708 quae
741 2619 885 2710 ἁρμονία
909 2625 1037 2710 dicitur3
1063 2626 1109 2691 sio
1132 2648 1172 2690 ex
1188 2655 1217 2693 ss
1270 2615 1271 2649 ¹

109 2699 127 2756 b·
159 2713 303 2794 corporis
333 2713 434 2778 totius
464 2716 582 2778 natura
612 2718 645 2776 et
674 2714 779 2798 figura
811 2714 919 2779 varios
952 2718 1060 2779 motus
1093 2714 1173 2779 cieri

106 2811 140 2859 20
159 2803 325 2882 tamquam
353 2801 388 2864 in
415 2805 511 2865 cantu
540 2822 646 2866 sonos.
690 2800 754 2864 Hic
782 2801 822 2865 ab
851 2802 988 2867 artificio
1017 2823 1074 2866 suo
1104 2823 1174 2866 non

159 2888 293 2952 recessit
325 2892 357 2952 et
388 2891 498 2952 tamen
530 2888 612 2952 dixit
644 2888 780 2973 aliquid,
818 2890 904 2974 quod
935 2890 1042 2972 ipsum
1075 2889 1173 2974 quale

160 2979 259 3059 esset,
290 2980 361 3041 erat
392 2976 495 3041 multo
528 2979 602 3042 ante
634 2980 667 3041 et
699 2976 820 3041 dictum
853 2980 886 3042 et
913 2978 1121 3062 explanatum
1154 3001 1176 3042 a
1269 2981 1270 2984 ’

158 3063 304 3130 Platone.
355 3062 553 3129 Xenocrates
582 3064 682 3130 animi
708 3066 847 3149 figuram
875 3068 908 3129 et
936 3067 1028 3150 quasi
1056 3087 1173 3150 corpus
1189 3096 1217 3134 aa

158 3153 292 3237 negavit
315 3173 399 3235 esse,
422 3154 561 3234 [verum]
586 3174 755 3217 numerum
779 3153 861 3217 dixit
884 3175 967 3236 esse,
998 3153 1089 3220 cuius
1112 3156 1175 3236 vis,

158 3244 195 3304 ut
214 3240 280 3304 ianr
296 3244 372 3305 ants
386 3239 591 3325 Pythagorae
610 3241 716 3305 visum
735 3245 814 3324 erat,
832 3242 865 3305 in
884 3245 1002 3307 natura
1020 3265 1175 3307 maxuma

121 3400 126 3406 ,
159 3333 253 3392 esset.
313 3327 394 3394 Eius
427 3329 542 3394 doctor
571 3328 666 3394 Plato
699 3327 860 3412 triplicem
892 3330 987 3394 finxit
1019 3330 1174 3414 animum,

159 3416 249 3481 cuius
271 3416 505 3502 principatum,
528 3416 561 3480 id
584 3420 634 3480 est
655 3415 829 3495 rationem,
852 3418 888 3482 in
907 3419 1012 3502 capite
1031 3418 1117 3483 sicut
1138 3419 1174 3484 in

160 3524 232 3567 arce
255 3505 381 3588 posuit,
404 3508 437 3570 et
459 3504 538 3568 duas
561 3507 670 3586 partes
695 3504 725 3568 ei
746 3526 860 3588 parere
886 3507 1005 3583 voluit,
1032 3507 1116 3571 iram
1140 3512 1174 3571 et
1187 3535 1214 3574 ar

160 3590 385 3676 cupiditatem,
412 3613 491 3676 ques
514 3592 580 3656 auis
609 3591 699 3672 locis,
721 3592 803 3694 iram
826 3593 861 3656 in
884 3597 1027 3676 pectore,
1050 3595 1172 3678 cupidi-
