2564 3950
335 197 402 252 Llss.
421 196 468 252 111.
497 195 715 250 OAP.18-20.
744 201 900 260 scr-sc.
1059 193 1121 257 195

111 361 210 421 natae
230 362 318 434 sunt,
337 360 372 421 at
389 357 457 441 ille,
476 378 557 441 quae
575 357 611 420 in
629 356 751 421 concha
768 356 882 439 patula
902 356 980 438 pina
997 353 1122 436 dicitur,

112 445 219 528 isque,
253 445 307 528 qni
335 447 411 510 enat
438 466 455 507 e
485 445 620 526 concha,
652 445 720 528 qui,
750 443 836 528 quod
868 465 940 507 eam
972 443 1122 525 custodit,

114 533 278 615 pinoteres
305 535 439 597 vocatur
465 532 500 596 in
528 533 724 615 eandemque
752 552 824 596 cum
853 552 887 594 se
914 530 1049 613 recepit,
1076 531 1123 594 in·

115 620 267 704 cluditur,
300 622 338 684 ut
362 619 511 684 rideatur
536 620 715 707 monuisse,
742 622 779 683 ut
811 622 951 700 caveret,
982 619 1123 700 itemque

88 708 284 791 aformieae,
303 728 395 790 apes,
413 707 555 772 ciconiae
573 708 713 771 aliorum
732 708 831 770 etiam
849 727 946 771 causa
967 705 1123 788 quaedam

115 795 247 860 faciunt.
287 793 391 859 Multo
413 794 495 858 haec
518 794 716 860 coniunctius
739 793 895 859 homines.
931 793 1044 878 Itaque
1067 815 1123 856 na-

114 887 189 945 tura
215 904 324 947 sumne
348 882 417 966 apti
445 881 486 946 ad
508 885 633 964 coetus,
656 882 804 962 concilia,
828 882 986 946 civitates.
1030 880 1121 944 Mun·
1142 901 1176 949 ol

115 969 192 1034 dum
211 973 318 1034 autem
337 974 469 1034 censent
486 971 555 1053 regi
578 969 709 1034 numine
728 970 874 1053 deorum,
898 989 1033 1053 eumque
1053 989 1122 1032 esse

117 1057 209 1141 quasi
241 1078 442 1122 communem
474 1057 587 1122 urbem
620 1060 653 1120 et
688 1057 855 1122 civitatem
885 1055 1054 1122 hominum
1091 1061 1123 1119 et

75 1171 101 1209 ιο
116 1144 260 1226 deornm,
288 1147 320 1208 et
348 1166 447 1209 unum
475 1165 632 1228 quemque
655 1148 803 1209 nostrum
826 1144 894 1208 eius
918 1144 1030 1210 mundi
1053 1164 1123 1208 esse

115 1235 255 1316 pertem3
279 1253 403 1316 exque
426 1232 507 1296 illud
529 1236 647 1297 natura
669 1233 835 1317 consequi,
862 1235 899 1297 ut
922 1253 1122 1298 communem

115 1321 292 1384 utilitatem
306 1323 435 1384 nostrae
450 1323 694 1403 anteponemus.
716 1319 763 1386 Ut
777 1321 861 1384 enirn
875 1320 964 1404 leges
978 1320 1123 1384 omnium

116 1407 254 1472 salutem
280 1407 481 1491 singulorum
510 1408 609 1472 saluti
637 1411 851 1491 anteponunt,
879 1409 925 1472 sio
947 1407 1123 1472 virbonus

115 1499 148 1559 et
185 1495 313 1578 rapiens
350 1498 383 1559 et
413 1495 540 1579 legibus
572 1517 690 1578 parens
723 1499 756 1558 et
792 1494 896 1560 civilis
928 1493 1027 1559 officii
1058 1516 1124 1558 non

75 1607 101 1648 15
115 1583 249 1665 ignarus
281 1582 416 1647 utilitati
448 1584 592 1646 omnium
625 1583 698 1665 plus
731 1604 828 1666 quam
859 1582 954 1646 unius
987 1583 1122 1646 alieuius

115 1672 173 1734 aut
195 1691 272 1734 suae
295 1670 443 1736 consulit.
491 1669 560 1736 Nec
589 1671 696 1754 magis
725 1673 775 1734 est
796 1670 1027 1753 vituperandus
1050 1691 1123 1752 pro-

115 1758 202 1822 ditor
233 1757 359 1840 patriae
390 1778 487 1841 quarn
519 1758 697 1823 communis
734 1757 886 1822 utilitatis
920 1759 977 1820 ant
1008 1757 1122 1820 salutis

115 1845 261 1910 desertor
291 1849 424 1928 propter
456 1868 548 1910 suam
580 1846 758 1912 utilitatem
790 1848 847 1909 aut
875 1845 1021 1910 salutem.
1072 1845 1124 1908 Ex

115 1955 179 2016 quo
202 1933 252 2014 fit,
274 1937 312 1998 ut
333 1932 511 1998 laudandus
534 1934 564 1998 is
588 1933 644 2016 sit,
667 1934 723 2018 qni
746 1936 884 1998 mortem
908 1935 1042 2016 oppetat
1063 1955 1122 2016 pro

76 2045 103 2085 20
116 2041 151 2084 re
174 2020 317 2103 publica,
345 2019 431 2104 quod
458 2021 570 2086 deceat
593 2021 749 2086 cariorem
771 2021 866 2086 nobis
892 2041 961 2084 esse
983 2021 1122 2104 patriam

115 2129 213 2192 quam
235 2108 482 2192 nosmetipsos.
528 2107 750 2192 Quoniamque
777 2109 836 2173 illa
859 2130 922 2174 vox
945 2108 1124 2172 inlrumana

116 2199 150 2258 et
176 2195 332 2260 scelerata
358 2195 485 2260 ducitur
514 2217 638 2280 eorum,
666 2198 722 2281 qni
748 2200 870 2282 negant
902 2217 936 2261 se
966 2217 1124 2278 recusare,

115 2304 180 2366 quo
203 2283 310 2347 minus
333 2284 414 2367 ipsis
433 2285 569 2348 mortuis
588 2287 747 2348 terrarum
766 2285 911 2349 omnium
934 2283 1122 2368 deflagratio

116 2374 330 2454 consequatur
353 2367 451 2454 (quod
476 2371 604 2455 vulgari
628 2372 767 2456 quodam
790 2393 885 2436 versu
904 2370 1027 2436 Graeco
1050 2392 1122 2454 pro·

76 2482 102 2522 25
116 2458 260 2522 nuntiari
287 2455 399 2543 solet),
430 2462 515 2524 certe
542 2479 653 2522 verum
685 2462 735 2522 est
766 2460 864 2524 etiarn
895 2459 949 2541 iis,
981 2460 1037 2542 qui
1065 2459 1123 2520 ali-

115 2544 245 2629 quando
273 2546 374 2610 futuri
401 2546 479 2629 sint,
507 2567 576 2610 esse
603 2549 737 2630 propter
762 2547 851 2629 ipsos
883 2546 1122 2611 consulendum.

115 2631 167 2696 Ex
203 2631 265 2698 hac
304 2634 484 2699 animorum
521 2634 688 2698 affectione
732 2637 928 2698 testamenta
963 2655 1121 2698 commen·

116 2720 323 2804 dationesque
351 2721 558 2787 morientium
585 2725 681 2786 natae
710 2725 793 2787 sunt.
843 2720 997 2806 Quodque
1026 2744 1121 2787 nemo

114 2807 150 2872 in
168 2830 295 2874 summa
313 2809 487 2874 solitudine
510 2809 612 2874 vitam
631 2830 727 2894 agera
746 2810 882 2875 velitne
900 2831 972 2875 cunr
994 2811 1123 2875 infinita

74 2921 100 2960 ao
114 2896 243 2979 quidem
267 2897 470 2979 voluptatum
494 2897 705 2980 abundantia,
727 2897 822 2962 facile
843 2898 1044 2983 intellegitur
1061 2920 1122 2964 nos

114 2984 155 3050 ad
178 2984 437 3050 coniunctionem
464 2985 808 3069 congregationemque
834 2986 1002 3050 hominurn
1026 2985 1123 3049 etad

112 3071 297 3136 naturalem
339 3071 601 3136 communitatem
645 3093 714 3136 esse
754 3077 859 3138 natos.
920 3073 1123 3156 Inpellimur

114 3163 224 3224 autem
246 3163 377 3241 natura,
400 3163 437 3223 nt
458 3159 612 3243 prodesse
635 3160 772 3225 velimus
797 3183 894 3244 quam
916 3161 1064 3244 plurimis
1087 3161 1122 3223 in

112 3247 291 3330 primisque
314 3246 456 3312 docendo
479 3247 721 3330 rationibusque
739 3247 929 3330 prudentiae
948 3247 1121 3312 tradendis.

73 3359 98 3398 aa
111 3334 225 3418 Itaque
253 3355 320 3399 non
346 3333 443 3399 facile
470 3338 520 3398 est
545 3335 703 3418 invenire,
732 3336 800 3418 qui,
830 3335 915 3417 quod
938 3335 1020 3399 sciat
1041 3336 1120 3418 ipse,
1140 3355 1173 3402 66

112 3445 179 3486 non
204 3421 315 3486 tradat
343 3421 450 3503 alteri3
477 3421 525 3486 ita
551 3421 746 3488 nouaclum
770 3422 809 3487 ad
838 3421 1021 3486 discendum
1048 3443 1119 3504 pro-

112 3510 206 3594 pensi
234 3531 360 3591 sumus,
386 3530 497 3574 verum
526 3509 623 3574 etism
653 3507 693 3572 ad
723 3509 908 3574 docendum.
954 3509 1062 3592 Atque
1084 3514 1121 3574 ut

855 3609 908 3662 13*

1132 2603 1175 2666 20

1142 2680 1174 2728 66
