2564 3950
360 186 426 241 mu.
446 187 480 241 v.
508 186 727 243 CAP.13-15.
755 193 911 253 sas-42,
1072 189 1136 254 253
1204 178 1210 189 “

131 369 245 412 sensus
273 348 368 412 modo
396 348 426 412 ei
454 347 548 412 datus
577 349 633 428 sit,
661 371 771 413 verum
799 350 898 414 eliam
926 351 1052 416 animus
1082 352 1138 418 ho

132 435 251 500 minis?
283 455 348 500 non
379 456 508 516 necesse
537 440 586 500 est
612 400 645 501 el
672 437 729 501 illa
756 437 897 519 prisiina
926 459 1068 522 manera,
1101 445 1137 505 ut

130 523 251 588 luenda
274 524 354 606 sini,
383 522 517 588 ethaeo
540 524 644 590 mullo
668 545 737 589 esse
760 526 897 608 cariora,
928 548 1009 610 quae
1032 547 1138 592 acces-

132 611 246 694 serint,
280 611 443 694 animique
476 611 632 712 optimam
664 633 822 698 quamque
854 617 980 714 perlem
1012 615 1137 679 carissi-

8 709 9 714 ’
102 721 254 850 amam,t
255 698 290 762 in
312 719 411 784 eaque
434 699 553 782 explel'
543 720 616 764 rone
637 705 772 764 naturae
797 702 914 765 summi
940 702 1018 767 boni
1040 703 1138 767 finem

132 787 319 867 consistere,
343 808 415 851 cum
432 786 530 939 longe
548 787 751 872 multumque
769 793 913 872 praestet
930 811 1022 854 mens
1041 794 1137 874 atquc

130 877 184 938 rat
169 874 239 938 tio?
290 872 343 938 sic
374 875 475 939 atine
505 878 682 940 extremum
709 877 853 940 omnium
885 877 1137 960 appetendorum

132 965 229 1046 atquc
252 961 422 1027 ductuma
445 963 551 1045 prima
571 959 850 1028 commendatione
872 969 1007 1029 nacarae
1026 966 1136 1030 mullis

132 1050 286 1135 gradibus
314 1049 493 1133 adscendit,
519 1054 556 1114 ui
579 1050 619 1115 ad
642 1071 803 1116 summum
825 1053 1024 1136 perveniret,
1053 1054 1136 1154 quod

8 1183 10 1218 ;
91 1165 118 1203 ιο
132 1137 315 1212 cumulatur
337 1159 376 1202 ex
399 1137 586 1222 integritate
605 1139 749 1222 corporis
767 1143 802 1203 εὴ
820 1160 859 1204 ex
877 1141 995 1204 mantis
1012 1139 1138 1206 ratione

131 1225 282 1311 perfecta.
1149 1255 1191 1340 15

169 1311 280 1378 Oum
293 1314 403 1414 igitur
424 1335 462 1378 ea
485 1315 542 1397 sil,
569 1336 666 1398 quam
690 1315 839 1400 exposui,
865 1315 970 1382 forma
991 1290 1137 1402 naturae,
1156 1355 1189 1402 41

133 1403 217 1485 si,u
218 1401 301 1466 lini
303 1402 349 1466 lio
303 1401 451 1485 ldixi,
475 1401 572 1466 simul
595 1407 692 1486 alque
711 1407 800 1468 ortus
824 1408 922 1486 essai,
946 1427 979 1469 se
1003 1406 1137 1489 quisquc

8 1543 10 1576 ,
131 1493 340 1574 cognosceret
371 1489 574 1574 iudicareque
603 1495 726 1574 posset,
764 1511 845 1574 quaa
881 1492 931 1556 vis
968 1496 1001 1556 ct
1036 1495 1137 1558 totius

8 1597 9 1632 1
93 1603 118 1642 15
133 1581 219 1642 essct
249 1581 385 1642 naturae
418 1581 451 1641 et
481 1578 624 1660 partium
657 1578 871 1662 singularum,
903 1580 1056 1645 continuo
1091 1581 1137 1645 vi-

132 1666 237 1748 deret,
256 1664 331 1748 quid
350 1669 435 1729 esset
451 1665 527 1750 hoo,
546 1665 630 1749 quod
648 1665 841 1750 quaerimus,
860 1668 1004 1731 omnium
1021 1689 1137 1750 rerum,

132 1775 211 1838 quas
235 1753 426 1836 expetimus,
449 1774 610 1817 summum
633 1756 666 1817 el
688 1752 850 1832 ultimum,
875 1775 934 1819 nco
957 1754 1024 1818 ulla
1046 1755 1080 1818 in
1102 1777 1136 1819 re

132 1861 265 1924 peccare
298 1844 417 1924 posset.
468 1839 562 1906 Nunc
591 1862 668 1906 varo
698 1862 718 1904 a
751 1841 855 1924 primo
884 1841 1013 1926 quidem
1042 1842 1137 1907 mira·

132 1928 243 1992 bililer
271 1929 397 1993 occulta
423 1933 541 1993 natura
567 1932 618 1993 cst
643 1949 702 1994 nec
729 1930 867 2013 perspici
896 1951 955 1994 nec
987 1933 1136 2014 cognosci

92 2043 120 2082 ao
133 2019 254 2100 polesu
295 2015 578 2102 Progredienlibus
606 2020 713 2081 aulem
737 2016 898 2100 aetatibus
930 2019 1050 2082 sensim
1072 2022 1137 2083 lar·

132 2104 211 2169 deve
233 2104 343 2188 potius
367 2105 460 2189 quasi
482 2109 610 2169 nosmet
631 2105 720 2188 ipsos
746 2106 978 2190 cognoscimus.
1024 2105 1137 2191 Itaque

132 2193 239 2275 prima
260 2193 318 2256 illa
345 2193 593 2270 commendacio,
622 2214 703 2276 quae
731 2215 751 2257 a
775 2197 893 2259 natura
919 2193 1023 2259 nostri
1050 2195 1137 2260 facta

133 2283 184 2344 est
200 2280 315 2380 ηοὺΗίε,
330 2280 504 2344 macrias
489 2280 660 2344 lobscura
678 2284 741 2361 cst,
764 2282 965 2433 primusque
974 2283 1099 2382 appelit
1100 2305 1137 2346 us

132 2368 188 2431 ille
217 2367 317 2432 animi
343 2370 473 2433 lanium
501 2369 582 2452 agii,
609 2331 755 2432 ulsalii
788 2370 925 2453 atque'
916 2391 950 2432 m
951 2370 1035 2454 legri
1068 2393 1137 2435 esse

93 2481 120 2521 25
133 2456 304 2540 possimus
350 2453 431 2520 Cum
455 2460 563 2520 autam
574 2371 742 2539 dispicere
765 2457 927 2539 coepimus
956 2460 988 2520 ct
1010 2458 1138 2540 sentus,

134 2543 210 2628 quid
234 2544 333 2608 simus
357 2548 390 2608 εὴ
412 2544 489 2627 quid
508 2544 548 2608 ab
568 2543 787 2624 animantibus
806 2543 919 2608 ceteris
943 2543 1137 2628 differamus

135 2637 203 2694 tum
227 2653 265 2696 ea
287 2631 379 2716 sequi
401 2631 586 2716 incipimus,
610 2631 650 2695 ad
674 2652 754 2714 quae
776 2631 846 2696 nati
868 2653 987 2696 sumus.
1034 2631 1137 2708 Quam
1156 2654 1189 2701 42

134 2719 378 2783 similiiudinem
401 2719 545 2785 videmus
569 2720 603 2784 in
625 2719 753 2797 bestiis,
777 2719 994 2804 quamprimo,
1018 2721 1052 2784 iu
1075 2744 1138 2805 quo

133 2807 204 2872 loco
233 2809 330 2871 nolae
360 2811 449 2886 sunl,
479 2829 517 2871 ex
546 2829 584 2874 co
614 2829 648 2872 se
677 2827 742 2872 non
777 2811 992 2892 commovent,
1024 2809 1138 2874 deinde

94 2921 121 2960 ao
135 2915 192 2959 suo
225 2915 369 2978 quaeque
401 2895 547 2978 appetitu
578 2899 737 2977 moretum
775 2916 901 2978 serpere
941 2897 1138 2981 anguiculos‚

133 3003 211 3047 nare
234 2983 427 3065 anaticulas,
455 2983 582 3048 evolare
611 2983 764 3065 merulas,
791 2983 941 3048 comibus
964 2985 1012 3048 uu
1039 2985 1137 3048 boves

133 3070 292 3154 videmus,
315 3091 415 3153 nepas
435 3071 567 3155 aculeis,
590 3093 681 3135 suam
703 3071 839 3154 denique
857 3072 970 3154 cuique
988 3075 1138 3136 naturam

135 3179 204 3222 esse
227 3155 267 3222 ad
290 3158 461 3223 vivendum
483 3158 604 3222 ducem.
649 3157 739 3234 Quae
761 3159 938 3223 similitudo
963 3159 997 3222 in
1021 3180 1137 3242 genere

134 3246 234 3310 eliam
261 3245 404 3310 humano
433 3249 576 3330 apparet.
624 3245 722 3310 Parvi
750 3246 833 3310 enim
860 3247 965 3330 primo
988 3251 1061 3310 oriu
1091 3247 1137 3311 sic

95 3359 121 3400 aa
134 3333 253 3417 iacent,
275 3337 455 3420 tamquam
465 3333 594 3398 omnino
613 3335 681 3400 sine
701 3333 807 3398 animo
832 3334 911 3416 sinl3
935 3355 1007 3398 cum
1030 3337 1138 3400 autem

133 3421 266 3506 paulum
288 3421 452 3486 firmitatis
475 3421 622 3506 accessit⁷
645 3425 679 3488 εὴ
697 3421 805 3486 animo
824 3385 960 3485 ulunlur
982 3425 1016 3486 εὴ
1038 3423 1137 3487 sensi·

134 3511 194 3574 bus
213 3509 468 3592 conilunturqua
487 3529 556 3574 sese
574 3513 611 3573 ui
629 3511 765 3594 erigant,
784 3511 816 3572 εὴ
802 3507 984 3573 lmanibus
1003 3511 1138 3574 utuntur
