2538 3956
158 206 223 273 382
353 203 651 259 TUSCULANARUM
671 201 974 258 DISPUTATIONUM

159 368 371 436 Terentianus
399 366 544 450 ‘ipsese
572 364 757 450 poeniens',
788 363 822 428 id
848 368 899 428 est
925 361 1047 430 ἑαυτὸν
1074 389 1178 450 crpor-
1259 398 1260 440 ;

158 454 343 543 poripevog?

202 580 365 645 Decrevi
388 579 588 661 tantisper
610 599 666 642 me
689 577 812 641 minus
837 577 1018 660 inidriae,

203 667 399 750 Chremes,
422 687 501 730 meo
521 669 638 749 gnato
661 665 805 748 ia‘cere,
829 665 913 729 dum
933 665 1028 729 fiam
1047 665 1176 730 miser.

158 810 221 876 Hic
253 809 409 890 decernit,
439 811 477 872 ut
504 807 602 870 miser
632 807 683 871 sit.
734 804 822 872 Num
852 807 923 890 quis
951 806 1054 890 igitur
1083 806 1203 890 quic-⁵

159 920 256 984 quam
279 897 422 962 decernit
444 895 589 960 invitus?

202 1021 302 1086 Malo
327 1018 477 1104 quidem
500 1040 556 1082 me
580 1017 716 1102 quovis
740 1017 894 1103 dignum
921 1018 1110 1102 deputem.

157 1164 246 1229 Malo
270 1183 305 1226 se
333 1161 467 1246 dignum
494 1159 641 1243 deputat,
668 1159 731 1223 nisi
755 1158 854 1222 miser
878 1158 929 1223 sit
971 1157 1073 1224 Vides
1092 1180 1175 1244 ergo

158 1249 323 1335 opinionis
352 1269 435 1330 esse,
462 1268 527 1311 non
549 1250 685 1312 naturae
707 1247 838 1310 malurn.
889 1245 985 1331 Quid,
1014 1269 1096 1332 quos
1121 1271 1175 1312 res

158 1340 231 1423 ipsa
258 1338 368 1421 lugere
395 1334 569 1421 prohibet?
596 1339 634 1399 ut
660 1335 745 1419 apud
773 1334 953 1400 Homerum
985 1336 1174 1401 cotidianae
1189 1361 1213 1400 ιο

157 1449 252 1492 neces
275 1425 489 1508 interitusque
508 1424 686 1489 multorum
707 1423 907 1488 sedationem
929 1423 1094 1489 maerendi
1119 1424 1175 1488 ad-

157 1517 279 1598 ferunt,
302 1514 387 1598 apud
411 1534 505 1597 quem
528 1512 576 1576 ita
598 1512 729 1576 dicitur:

202 1638 373 1723 Namque
405 1636 520 1701 nimis
552 1635 693 1699 multos
726 1639 840 1720 atque
873 1635 974 1787 0de
1000 1637 1085 1700 luce
1115 1657 1175 1701 ca·

406 1733 411 1742 '
979 1725 1082 1787 entis

202 1814 417 1895 Cernimus,
440 1817 482 1877 ut
505 1835 612 1876 nemo
636 1812 763 1895 possit
786 1823 958 1876 maerore
981 1833 1127 1876 vacare.

203 1903 282 1980 Quo
301 1903 424 1987 magis
443 1903 502 1966 est
521 1922 681 1984 aequum
699 1900 861 1964 tumulis
885 1900 1063 1965 mandare
1086 1923 1172 1984 per·
1187 1927 1212 1966 rs

931 1992 1080 2073 emptos

201 2080 331 2144 Firmo
345 2078 469 2143 animo
483 2080 520 2140 et
532 2076 677 2140 luctum
690 2076 865 2140 lacrimis
879 2076 996 2141 finire
1012 2077 1173 2141 diurnis.

104 2243 138 2293 aa
157 2220 247 2304 Ergo
279 2220 314 2282 in
344 2220 508 2301 potestate
540 2222 590 2281 est
622 2218 747 2282 abicere
780 2217 938 2296 dolorem,
975 2238 1047 2281 eum
1079 2218 1172 2302 velis,

157 2307 297 2391 tempori
319 2307 520 2370 servientem.
565 2305 618 2369 An
641 2309 692 2369 est
714 2305 817 2370 ullum
844 2310 986 2390 tempus,
1016 2307 1172 2390 quoniam

158 2396 286 2482 quidem
309 2417 360 2460 res
383 2395 418 2459 in
439 2398 554 2460 nostra
577 2397 739 2477 potestate
758 2399 820 2478 est,
835 2395 895 2458 cui
913 2415 980 2458 non
1002 2394 1171 2477 ponendae

158 2507 253 2550 curae
272 2489 301 2549 et
318 2481 528 2569 aegritudinis
548 2503 646 2546 causa
665 2481 864 2546 serviamus?
905 2480 1087 2547 Constabat
1106 2505 1170 2567 eos,
1185 2510 1209 2549 20

158 2574 214 2658 qui
241 2571 459 2638 concidentem
487 2570 672 2635 volneribus
700 2567 757 2635 Cn.
780 2569 971 2653 Pompeium
1003 2570 1172 2654 vidissent,

158 2683 231 2725 cum
253 2661 289 2724 in
311 2660 369 2725 illo
393 2660 464 2743 ipso
488 2658 698 2722 acerbissimo
717 2658 962 2742 miserrimoque
986 2660 1171 2741 spectaculo

158 2749 222 2813 sibi
244 2748 410 2830 timerent,
433 2746 517 2830 quod
539 2769 573 2811 se
597 2747 699 2811 classe
721 2745 865 2812 hostium
889 2745 1102 2813 circumfusos
1125 2749 1172 2811 vi·

159 2837 285 2917 derent,
311 2835 395 2898 nihil
423 2835 511 2900 aliud
539 2838 609 2898 tum
637 2835 756 2917 egisse,
782 2835 846 2899 nisi
869 2839 906 2899 ut
928 2835 1067 2919 remiges
1097 2836 1171 2900 hor·

157 2927 304 2989 tarentur
319 2927 351 2986 et
364 2928 402 2988 ut
417 2924 556 2988 salutem
572 2921 828 3005 adipiscerentur
846 2922 936 3007 fuga3
956 2926 1170 3008 posteaquam
1183 2949 1207 2989 rs

158 3013 279 3096 Tyrum
297 3013 475 3092 venissent,
498 3015 567 3075 tum
587 3010 747 3074 adflictari
765 3012 1001 3094 lamentarique
1015 3013 1170 3095 coepisse.

158 3101 268 3166 Timor
299 3100 400 3185 igitur
434 3100 474 3163 ab
505 3098 557 3162 his
596 3098 833 3183 aegritudinem
866 3101 974 3182 potuit
1006 3100 1171 3184 repellere,

157 3190 242 3254 ratio
266 3190 306 3254 ab
331 3188 472 3271 sapienti
494 3187 564 3251 viro
587 3208 653 3251 non
675 3186 820 3270 poterit?

105 3283 148 3347 28
226 3276 310 3352 Quid
339 3281 389 3340 est
416 3279 536 3356 autem,
566 3273 652 3358 quod
679 3275 753 3357 plus
772 3275 888 3339 'valeat
915 3274 956 3339 ad
988 3276 1171 3358 ponendum

160 3364 318 3447 dolorem,
350 3385 447 3447 quam
479 3383 551 3426 cum
584 3364 634 3425 est
669 3363 869 3426 intellectum
904 3362 952 3426 nil
989 3364 1105 3446 profici
1141 3369 1171 3428 et
1183 3391 1207 3430 so

159 3452 279 3516 frustra
315 3473 385 3516 esse
422 3449 630 3532 susceptum?
690 3446 724 3512 Si
760 3450 861 3534 igitur
901 3451 1018 3533 deponi
1054 3455 1171 3536 potest,

161 3539 259 3602 etiam
286 3561 352 3602 non
380 3537 499 3620 suscipi
526 3539 649 3621 potest,
676 3536 843 3618 voluntate
873 3537 976 3620 igitur
999 3543 1032 3603 et
1054 3539 1171 3605 iudicio
