2470 3962
131 231 173 293 ιι
344 228 634 284 ιοιιιιιιιιιοιιιιιι
651 212 911 284 recrearentur

129 413 236 456 rernm
271 405 348 456 esee·
365 391 518 474 iudicem,
550 392 652 456 solam
685 391 862 455 ¹censebant
892 387 1054 470 idoneam,
1089 388 1160 455 cui

130 481 325 563 crederetur,
354 480 430 564 quia
453 481 527 550 sola,
547 484 691 544 cerneret
712 479 758 562 id,
785 478 871 562 quod
899 500 1025 562 semper
1053 484 1159 544 esset

130 568 267 651 simplex
294 572 328 633 et
358 568 452 632 unius
484 567 631 632 mediet
660 567 739 650 tale,
770 567 864 651 quale
897 571 991 632 esset.
1044 565 1157 631 Hanc

130 657 180 720 illi
203 656 297 722 ἰδέαν
322 656 488 740 appellant
511 658 538 738 [,
560 656 665 728 iama
683 654 820 720 Platone
843 656 891 719 ita
913 655 1155 737 nominatam],

77 760 109 808 31
130 765 190 810 nos
218 749 304 808 recte
332 745 498 827 speciem
525 763 696 827 possumus
724 743 836 808 dicere.
887 741 1006 807 Senam
1031 747 1191 815 autcm5

130 853 242 898 omnes
269 833 402 896 hebetes
432 832 601 896 ettardoa
629 853 698 896 esee
722 831 964 896 arbitrabantur
986 852 1045 896 nee
1067 853 1153 915 per·

130 921 235 1004 cipere
263 921 329 984 ullo
358 920 454 985 modo
481 942 532 984 rea
560 918 658 1003 ullas,
691 941 771 1003 quae
799 920 962 985 subiectae
991 919 1150 984 sensibus

130 1009 327 1092 viderentur,
351 1008 436 1092 quod
455 1012 511 1073 aut
529 1009 576 1072 ita
594 1013 702 1072 essent
719 1029 851 1091 parrae,
873 1011 911 1072 ut
927 1008 989 1072 sub
1009 1029 1149 1072 aeneum

131 1098 243 1162 eadere
266 1118 332 1162 non
354 1100 500 1180 possent,
524 1099 581 1160 aut
602 1096 649 1160 ita
671 1097 807 1160 mobiles
830 1099 863 1160 et
885 1097 1077 1178 concitatae,
1102 1101 1149 1161 ut

130 1185 211 1249 nihil
229 1206 383 1268 umquem
397 1205 496 1249 unum
509 1188 596 1249 esset
614 1189 642 1248 et
659 1187 821 1267 constans,
839 1205 880 1263 ne
897 1184 981 1248 idem
1001 1184 1200 1268 quidem,10

131 1273 208 1358 quia
225 1273 427 1338 continenter
449 1271 636 1337 laberemur
658 1275 692 1336 et
712 1234 850 1337 fluerett
873 1273 989 1337 omnia.
1023 1271 1146 1357 Itaque

104 1376 106 1380 ·
130 1361 215 1424 hanc
232 1381 362 1425 omnem
384 1364 510 1444 partem
530 1382 638 1424 rerum
660 1361 898 1444 opinabilem
921 1361 1146 1464 appellabant,

77 1464 110 1512 32
131 1447 304 1514 Scientiam
323 1453 431 1514 autem
448 1469 606 1532 nusquam
621 1470 694 1513 esse
712 1449 935 1514 censebant
903 1450 967 1513 mai
986 1449 1021 1513 in
1039 1449 1145 1513 animi

129 1537 317 1602 notionibus
353 1541 450 1623 atque
486 1537 679 1620 rationibus3
717 1559 780 1620 qua
820 1538 859 1601 de
896 1559 993 1602 cauea
1028 1537 1144 1602 defini·

130 1625 235 1690 tiones
257 1647 365 1690 rerum
385 1626 576 1710 ·tprobaban
562 1627 633 1690 tet
653 1588 714 1690 llas
744 1625 784 1689 ad
812 1627 932 1709 omnia,
958 1626 1000 1690 de
1022 1626 1142 1710 quibus
1162 1659 1193 1697 15

131 1713 381 1798 disceptabatur,
404 1714 611 1779 adhibebant
649 1711 831 1778 Verborum
849 1716 948 1778 etiam
965 1714 1142 1797 explicatio

130 1803 343 1886 probabatur,
370 1803 404 1867 id
432 1806 494 1885 eet,
522 1801 646 1885 quade
669 1822 768 1867 causa
797 1823 940 1886 quaeque
960 1805 1070 1866 essent
1091 1803 1143 1866 ita

130 1891 313 1974 nominata,
337 1913 434 1974 quam
457 1889 675 1972 ἐτυμολογιαν
699 1889 920 1974 appellabant,
947 1894 1024 1973 post
1046 1911 1142 1975 arga-

130 1979 248 2042 mentis
276 1978 469 2062 quibusdam
497 1983 530 2040 et
550 1999 658 2042 rerum
688 1979 774 2042 notia
798 1979 891 2062 quasi
913 1978 1046 2043 ducibus
1069 1983 1141 2043 ute-

129 2065 249 2130 bantur
276 2065 317 2130 ad
344 2066 546 2149 probandum
569 2070 607 2130 et
631 2066 675 2130 ad
703 2065 954 2131 concludendum
981 2067 1027 2151 id,
1051 2067 1141 2151 qued
1157 2101 1187 2139 20

131 2154 298 2237 explanari
311 2154 478 2236 volebant3
491 2153 625 2237 denique
638 2154 827 2219 tradebatur
836 2155 941 2219 omnir
951 2155 1140 2220 dialecticae

132 2241 311 2325 disciplina,
329 2242 362 2305 id
376 2246 427 2306 est
440 2241 596 2306 erationis
610 2243 735 2307 ratione
750 2243 932 2328 conclusam
951 2243 1027 2307 huie
1046 2245 1141 2328 quasi

131 2351 169 2392 ex
196 2330 299 2394 altera
326 2333 418 2413 parte
448 2330 590 2395 oratoria
611 2331 662 2394 ιιι
686 2330 810 2396 dicendi
833 2331 1058 2416 adhibebatur,
1087 2353 1140 2395 ex·

130 2417 281 2500 plicatrix
300 2419 453 2482 orationis
476 2421 649 2502 perpetuae
674 2419 714 2482 ad
736 2419 992 2501 persuadendum
1014 2441 1139 2484 accom-

77 2528 110 2576 33
130 2505 288 2572 modatae
342 2505 431 2572 Haec
463 2510 533 2572 erat
562 2507 628 2572 illis
658 2508 763 2570 forma
790 2527 809 2572 a
837 2506 974 2572 Platone
998 2508 1138 2592 tradita,
1155 2541 1183 2580 25

131 2596 222 2658 cuius
241 2617 321 2678 quae
340 2596 517 2680 acceperim
535 2595 783 2680 dissupationes,
802 2595 829 2660 ιι
843 2595 1138 2679 rubia-exponam.

129 2680 200 2747 Noa
236 2705 312 2748 vere
349 2684 508 2762 volumno,
540 2684 688 2766 inquam,
725 2685 762 2746 ut
796 2705 856 2766 pro
892 2683 1003 2748 Attico
1040 2685 1138 2749 etiam

130 2771 349 2853 respondeam.
404 2771 449 2834 Et
475 2775 574 2854 recte,
606 2771 724 2854 inquit,
755 2770 942 2854 respondean
974 2772 1139 2855 praeclare

131 2858 215 2922 enim
238 2857 415 2940 explicatur
435 2858 721 2942 Peripateticorum
746 2863 784 2922 -et
806 2859 999 2924 Academiae
1021 2862 1138 2925 veteris

130 2946 315 3010 auotoritaa
1152 2979 1180 3018 ao

90 3041 110 3104 9
196 3034 390 3099 Aristoteles
408 3031 513 3119 igitur
532 3036 655 3116 primus
680 3036 816 3118 speeies,
840 3057 919 3120 quas
942 3038 1040 3120 paulo
1064 3042 1138 3103 ante

130 3121 209 3206 dixi,
236 3122 461 3205 labefactavit,
489 3144 570 3206 quas
597 3123 730 3188 mirifice
753 3123 846 3188 Plato
875 3127 944 3188 erat
974 3127 1139 3208 amplexa·

128 3212 196 3294 tua,
223 3215 260 3275 ut
287 3209 385 3274 iniis
413 3210 565 3294 quiddam
596 3211 739 3276 divinum
765 3233 835 3276 esse
863 3212 989 3277 diceret.
1036 3214 1137 3280 Theo-

129 3296 280 3380 phrastus
309 3302 429 3380 autem,
461 3297 512 3362 vir
539 3304 571 3364 et
600 3300 745 3364 oratione
774 3301 881 3364 auaris
905 3304 938 3365 et
966 3301 1014 3365 ita
1036 3325 1138 3368 mora

129 3389 197 3468 tus,
227 3391 263 3450 ut
285 3386 481 3468 probitatem
505 3385 664 3470 quandam
690 3407 765 3471 prae
789 3409 824 3451 ae
847 3392 880 3451 et
902 3389 1138 3472 ingenuitatem
1152 3421 1176 3460 aa

130 3472 228 3557 ferat,
250 3473 471 3539 vehementius
491 3475 589 3540 etiam
611 3475 711 3560 fregit
728 3474 868 3556 quodam
886 3477 981 3541 modo
1001 3481 1138 3545 auctori·

129 3563 231 3624 tatem
274 3562 391 3627 veteris
428 3562 633 3646 disciplinam
675 3562 827 3645 spoliavit
864 3563 947 3628 enim
985 3566 1138 3632 virtutem
