2544 3952
158 233 224 296 418
355 230 653 288 TUSCULANARUM
671 230 974 285 DISPUTATIONUM

202 376 356 459 allacris
380 395 425 460 ob
448 395 549 459 viam
573 393 667 458 mihi
690 394 823 458 veniet
846 394 1085 478 complexum
1109 417 1176 459 ex·

784 483 923 565 optans
947 504 1081 567 meum,
1194 561 1200 568 Ι

203 569 298 635 Mihi
323 592 361 636 se
383 570 504 635 dedet.

160 695 263 771 Quam
285 679 365 759 haec
387 693 523 778 pulchra
545 696 650 778 putet,
675 695 745 777 ipse
768 694 834 757 iam
858 693 955 758 dicet:

318 817 526 883 Fortunam
548 818 672 900 ipsam
694 815 851 882 anteibo
874 815 1047 882 fortunis
1065 819 1171 884 meis.

105 925 149 988 32
225 941 315 1006 Haeo
337 941 463 1006 laetitia
486 962 582 1024 quam
605 941 709 1024 turpis
733 940 788 1024 sit,
817 941 896 1004 satis
923 943 972 1004 est
998 940 1201 1025 diligentem

110 1003 145 1052 ⁶⁸
160 1031 380 1096 attendentem
407 1029 536 1112 penitus
565 1028 681 1092 videre.
729 1027 775 1091 Et
801 1031 838 1092 ut
860 1032 971 1112 turpes
996 1035 1084 1112 sunt,
1114 1031 1171 1114 qui

159 1119 303 1183 ecferunt
321 1140 355 1182 se
374 1116 501 1181 laetitia
518 1120 601 1200 tum,
624 1138 696 1181 oum
717 1115 868 1180 fruuntur
886 1115 1036 1181 Veneriis
1055 1118 1172 1202 volup-

122 1256 125 1260 -
158 1208 295 1290 tatibus,
319 1207 366 1271 sio
388 1204 555 1290 flagitiosi,
578 1205 633 1288 qui
656 1226 710 1268 eas
737 1204 938 1270 inflammato
962 1205 1070 1270 animo
1096 1227 1172 1270 con·

159 1296 336 1379 cupisount.
371 1293 471 1358 Totus
490 1293 659 1375 venciate,
683 1293 738 1376 qui
756 1292 1057 1376 volgoappellatur
1075 1317 1170 1359 amor

159 1385 232 1468 (nec
250 1382 379 1447 hercule
395 1380 534 1464 invenio,
553 1402 616 1464 quo
635 1380 765 1445 nomine
780 1380 844 1445 alio
863 1382 970 1463 possit
989 1382 1171 1468 appellari),
1187 1407 1215 1446 ro

158 1475 269 1537 tantae
287 1469 430 1536 levitatis
449 1473 511 1552 est,
534 1473 571 1532 ut
592 1468 675 1533 nihil
694 1468 833 1553 videam,
857 1469 943 1552 quod
963 1473 1076 1552 putem
1096 1492 1171 1536 con·
1261 1505 1262 1512 κ

158 1559 332 1624 ferendum.
377 1557 479 1634 Quem
503 1555 661 1622 Caecilius

463 1671 586 1735 ‘ddum
610 1673 770 1756 quinon
794 1677 977 1736 summum
1000 1677 1125 1758 putet,

203 1764 280 1848 Aut
303 1763 463 1827 stultum
491 1767 556 1823 aut
583 1781 708 1823 rerum
732 1781 816 1824 esse
839 1759 1077 1844 imperitum'
1106 1764 1170 1828 exi·
1261 1827 1262 1832 ,

787 1910 789 1915 .
943 1853 1078 1934 stumat,
1261 1911 1262 1928 ἶ

204 1939 265 2006 Oui
288 1936 342 2003 ‘1'11
365 1959 476 2002 manu
499 1937 565 2021 sit,
587 1957 694 2020 quem
719 1939 802 2000 e'sse
826 1937 1037 2002 demente'm
1060 1939 1172 2022 velit,
1188 1960 1218 2000 15

204 2028 318 2104 Quem
337 2027 484 2118 sapere,
507 2046 615 2108 quem
635 2025 777 2110 sana‘ri,
801 2046 908 2108 quem
935 2026 972 2089 in
998 2027 1172 2090 morbum
1261 2021 1262 2072 ἶ

970 2135 1077 2196 1nror‚

204 2292 318 2368 Quem
347 2292 480 2355 contra
508 2289 640 2372 amari,
668 2310 776 2372 quem
805 2291 947 2373 e‘xpeti,
975 2312 1082 2404 quem
1111 2313 1171 2354 ar-

914 2399 1066 2442 cesmer.

106 2529 139 2578 69
159 2505 185 2572 Ο
204 2504 404 2589 praeclaram
421 2501 670 2567 emendatricem
684 2501 770 2566 vitae
788 2501 958 2585 po'e'ticam!
977 2523 1059 2585 quae
1079 2525 1170 2568 amo·

158 2616 226 2659 rem
253 2593 371 2678 flagitii
394 2595 426 2656 et
453 2591 597 2655 levitatis
621 2592 785 2654 auctorem
812 2591 846 2653 in
870 2590 1005 2654 concilio
1034 2590 1170 2656 deorum
1185 2613 1216 2652 ao

159 2681 389 2746 conlocandum
420 2682 521 2762 putet.
574 2676 622 2742 De
655 2676 821 2742 comoedia
851 2677 979 2761 loquor,
1011 2700 1108 2762 quae,
1139 2681 1170 2745 si

157 2771 237 2834 haec
267 2769 392 2852 flagitia
426 2787 492 2830 non
525 2767 749 2850 probaremus,
781 2766 872 2830 nulla
904 2769 990 2830 esset
1022 2768 1169 2853 omnin03

158 2857 233 2941 quid
258 2856 303 2920 ait
326 2877 364 2920 ex
385 2854 553 2938 tragoedia
575 2855 725 2937 princeps
748 2854 804 2918 ille
827 2854 1114 2938 Argonautarum?

203 2971 256 3036 un
289 2991 344 3034 me
377 2969 518 3034 amoris
551 2968 673 3054 magis
707 2990 816 3052 quam
847 2969 1005 3034 honoris
1039 2970 1169 3036 serva·

792 3121 794 3126 .
825 3057 917 3120 visti
941 3059 1077 3142 gratia.

158 3183 244 3262 Quid
267 3182 366 3266 ergo?
394 3181 448 3246 hic
471 3202 562 3246 amor·
584 3180 716 3246 Medeae
744 3183 866 3264 quanta
888 3180 1092 3262 miseriarum
1116 3203 1167 3246 ex·
1183 3201 1210 3242 25

160 3272 274 3338 citavit
295 3270 456 3335 incendia!
494 3270 602 3353 Atque
621 3291 659 3333 ea
681 3273 791 3333 tamen
809 3267 893 3350 apud
914 3269 1014 3332 alium
1035 3273 1169 3351 poetam

158 3360 246 3446 patri
268 3359 373 3423 dicere
397 3357 493 3420 audet
515 3379 549 3421 se
573 3354 804 3440 ‘coniugem'
827 3356 979 3420 habuisse

203 3467 330 3567 illum,
361 3481 477 3546 Amor
505 3501 613 3565 quem
641 3479 811 3563 dederat,
839 3479 901 3562 qui
928 3480 1014 3561 plus
1042 3480 1168 3564 pollet

652 3568 856 3650 potiorque
879 3567 938 3630 e'st
960 3572 1078 3651 patre.
