2564 3952
142 202 206 267 332
336 201 633 258 TUSCULANARUM
651 201 954 257 DISPUTA'PIONUM

141 365 245 429 maius
273 367 498 449 argumentum
524 363 607 428 nihil
634 385 706 428 eam
735 363 901 446 prodesse,
933 383 1029 446 quarn
1058 383 1152 446 quos·
1268 405 1269 408 κ

140 452 214 516 dam
237 452 397 536 perfectos
420 452 631 536 philosophos
654 452 793 534 turpiter
820 451 950 516 rivere?
1267 451 1269 536 3

88 552 121 600 13
207 546 252 604 M.
275 539 410 605 Nullum
429 539 557 604 veroid
577 539 705 624 quidem
725 542 949 624 argumentum
970 542 1029 604 est.
1064 536 1153 602 Nam
1267 577 1269 600 i

141 629 267 713 ntegri
285 649 351 694 non
370 650 480 693 omnes
499 627 648 712 frugiferi
666 631 749 709 sunt,
768 627 823 712 qui
842 627 999 710 coluntur,
1017 626 1152 698 falsum-

140 737 201 800 que
223 716 303 780 illud
327 715 430 781 Aooii:
1166 740 1180 777 5

130 871 138 884 ·
184 837 331 903 Probae
346 839 421 904 e‘tsi
438 838 477 903 in
496 843 770 924 segetem'srint
786 838 1019 902 deteriorem
1038 837 1152 903 datae

185 925 345 1011 Fruges,
368 930 494 992 tamen
522 927 631 1011 ipsae
659 930 795 1010 suapte
822 931 961 991 natura
989 926 1153 1011 e‘nitent,

141 1067 188 1130 sie
219 1068 317 1134 animi
349 1089 415 1133 non
448 1089 560 1132 omnes
592 1067 672 1132 oulti
698 1066 838 1132 fructum
871 1066 989 1131 ferunt.
1034 1067 1154 1151 Atque,

140 1159 177 1219 ut
203 1155 238 1218 in
265 1154 377 1220 eodem
406 1156 504 1220 simili
532 1176 653 1238 verser,
685 1158 723 1219 ut
749 1175 826 1239 ager
854 1155 1000 1238 quamvis
1030 1154 1152 1220 fertilis

141 1243 209 1306 sine
232 1242 359 1306 cultura
379 1241 565 1308 fructuosus
588 1265 746 1309 essenon
768 1247 890 1326 potest,
913 1243 960 1308 sio
983 1243 1054 1306 eine
1077 1243 1152 1308 doo-
1167 1268 1193 1307 ro

140 1329 227 1393 trina
250 1330 388 1410 animus3
415 1330 463 1394 ite
491 1335 541 1396 est
563 1335 699 1416 utraque
725 1353 777 1396 res
806 1331 876 1395 sine
900 1331 1002 1396 altera
1024 1330 1154 1398 debilis.

142 1414 275 1482 Cultura
303 1421 410 1483 autem
438 1419 537 1484 animi
570 1419 777 1504 philosophia
804 1422 866 1502 est3
897 1418 977 1483 haee
1009 1419 1155 1484 extrahit

142 1505 220 1570 vitia
242 1506 396 1571 radicitus
421 1509 453 1570 et
474 1511 648 1592 praeparat
671 1509 795 1573 animos
814 1507 855 1571 ad
878 1511 967 1571 satus
992 1507 1154 1590 aecipien-

141 1593 199 1658 dos
231 1615 331 1678 eaque
358 1594 490 1660 mandat
516 1596 556 1660 iis
585 1601 631 1680 et,
662 1599 699 1660 ut
728 1596 776 1660 ite
803 1595 922 1677 diuam,
948 1594 1040 1678 serit,
1067 1617 1153 1678 quae

141 1681 253 1746 adulta
279 1682 403 1748 fruetus
430 1683 609 1748 uberrimos
636 1684 753 1748 ferant.
779 1682 948 1767 ¹Agamus
971 1683 1086 1767 igitur,
1115 1688 1153 1746 ut
1167 1708 1192 1747 rs

140 1769 313 1852 coepimus.
358 1771 432 1855 Dio,
454 1772 482 1836 si
505 1772 569 1854 vis,
592 1772 630 1835 de
654 1794 718 1856 quo
741 1771 899 1855 disputari
922 1770 1011 1835 velis.

90 1873 122 1922 14
206 1859 247 1922 A.
278 1857 459 1923 Dolorem
496 1860 677 1925 existimo
714 1880 926 1924 maxumum
963 1859 1152 1924 malorum

141 1946 319 2011 omnium.

205 2039 251 2097 M.
273 2033 424 2099 Etiamne
447 2035 551 2100 maius
575 2057 672 2120 quam
696 2035 858 2101 dedecus?

206 2122 247 2185 A.
274 2119 349 2186 Non
368 2120 470 2186 audeo
493 2123 597 2188 dioere
620 2123 653 2187 id
672 2123 815 2208 quidem,
839 2127 872 2188 et
890 2146 939 2188 me
958 2123 1058 2208 pudet
1080 2130 1150 2189 tam
1164 2149 1189 2188 so

141 2209 204 2272 oito
227 2207 267 2272 de
290 2210 454 2274 sententia
477 2231 547 2275 esse
571 2211 738 2276 deiectum.

206 2301 251 2361 Μ.
273 2295 380 2382 Magis
413 2302 498 2362 esset
528 2299 725 2382 pudendum,
758 2300 786 2365 si
817 2301 852 2365 in
883 2301 1044 2366 sententia
1080 2322 1151 2384 per·
1267 2341 1268 2346 κ

140 2405 294 2449 maneres.
344 2383 429 2460 Quid
457 2386 543 2451 enim
570 2388 676 2452 minus
704 2390 753 2452 est
781 2387 927 2472 dignum,
959 2408 1057 2472 quam
1088 2389 1152 2453 tibi

139 2473 231 2556 peius
254 2472 424 2557 quiequam
448 2474 549 2539 videri
571 2475 739 2559 dedecore,
766 2475 904 2560 flagitio,
927 2475 1150 2559 turpitudine?

140 2582 222 2643 qnae
244 2565 282 2626 ut
304 2561 455 2646 effugias,
477 2564 550 2648 quis
573 2567 711 2628 estnon
733 2563 829 2629 modo
854 2563 1065 2646 recusandus,
1093 2565 1150 2630 sed
1163 2587 1187 2628 2⁵

140 2668 206 2711 non
228 2649 315 2713 ultro
339 2648 551 2734 adpetendus,
581 2650 778 2735 subeundus,
806 2651 1012 2735 excipiendus
1032 2651 1150 2717 dolor?

205 2736 246 2800 A.
273 2734 325 2800 Ita
347 2758 478 2819 prorsus
502 2739 661 2804 existimo.
706 2737 812 2815 Quare
834 2760 875 2803 ne
899 2740 943 2804 sit
964 2761 1041 2804 sane
1065 2762 1149 2804 sum·

141 2844 229 2886 mum
252 2823 373 2887 malum
396 2824 503 2909 dolor,
526 2827 647 2891 malum
671 2831 756 2892 certe
779 2831 836 2892 est.

206 2916 251 2975 Μ.
274 2909 415 2976 Videsne
433 2912 547 2998 igitur,
569 2917 726 2998 quantum
745 2914 888 2980 breviter
906 2915 1091 2980 admonitus
1111 2916 1148 2980 de

140 2996 260 3063 doloris
283 2999 405 3064 ter‘rore
428 3000 603 3066 deieceris?
1160 3026 1185 3066 80

87 3110 120 3158 15
205 3088 247 3152 A.
274 3085 377 3152 Video
400 3089 511 3173 plane,
534 3089 591 3154 sed
612 3091 685 3174 plus
708 3091 864 3155 desidero.

205 3181 251 3238 M.
273 3173 432 3259 Experiar
454 3177 614 3261 equidem3
644 3178 700 3242 sed
723 3200 917 3263 magnares
942 3183 1002 3262 est,
1030 3181 1149 3244 animo·

139 3283 200 3344 que
224 3262 305 3328 mihi
328 3283 410 3346 opus
434 3268 484 3328 est
505 3287 571 3330 non
592 3270 802 3350 repugnante.

205 3350 247 3415 A.
279 3349 422 3450 Habebis
451 3351 483 3418 id
512 3351 648 3436 quidem.
697 3353 744 3419 Ut
778 3356 863 3419 enim
894 3355 964 3419 heri
995 3354 1071 3439 feei,
1103 3357 1149 3422 eie

140 3439 418 3519 numerationem,
442 3460 505 3522 quo
529 3460 641 3504 earne
665 3461 799 3524 eumque
823 3442 930 3526 duoet,
953 3463 1077 3527 sequar.
1161 3465 1185 3506 u

99 3523 120 3584 6
205 3529 251 3587 Μ.
273 3523 418 3588 Primum
440 3526 541 3610 igitur
563 3527 602 3591 de
621 3527 832 3594 inbecillitate
854 3529 1031 3595 multorum
1055 3534 1088 3595 et
1110 3532 1148 3597 de
