2544 3952
8 65 13 406 k
304 227 373 282 ula.
391 227 437 282 lv.
467 226 667 283 uana-11.
695 234 711 294 ι
732 235 850 284 ιι-ιι.
1018 229 1084 294 399

70 391 179 452 mente
215 391 249 469 [a
275 392 363 454 recta
392 389 532 470 ratione]
562 389 707 454 defectio·
732 389 778 455 sic
808 411 920 454 aversa
943 414 963 455 ι
990 413 1085 474 prue-

70 477 250 560 scriptione
272 478 424 555 rationis‚
452 480 491 542 ut
512 477 601 542 nullo
625 477 721 542 modo
745 478 958 562 adpetitiones
983 480 1083 543 animi

68 586 129 629 nec
153 565 304 650 reginae
328 565 486 630 contineri
509 570 637 650 queant.
678 565 779 642 Quem
803 567 844 630 ad
867 566 998 630 modum
1021 567 1108 654 igi-⁴

70 658 125 717 tur
153 655 372 736 temperantia
399 653 491 718 sedat
519 654 733 738 adpetitiones
761 657 793 718 et
821 653 933 734 efficit,
962 658 999 718 ut
1026 677 1082 719 eae

43 745 179 805 erectae
196 741 316 806 rationi
330 745 476 844 pareant,
494 745 726 827 conservatque
741 743 943 808 considerata
963 742 1082 807 iudicia

71 828 204 910 mentis,
233 830 279 893 sic
307 829 414 894 huic
405 829 536 894 mimice
558 831 809 932 intemperantia
832 845 959 895 omnem
983 831 1083 894 animi

71 920 138 981 stat
140 939 194 980 um
216 917 411 1002 inflammat,
435 921 510 983 cont
495 918 650 1000 tsurbat
641 919 720 982 mcit
706 922 802 1001 t,1at
792 919 900 1002 itaque
924 923 956 982 et
979 919 1082 1004 aegri·

70 1006 200 1069 tudines
233 1010 265 1070 et
297 1010 403 1071 metus
436 1009 468 1070 et
499 1006 641 1090 reliquae
676 1003 935 1090 perturbationes
970 1027 1081 1072 omnes
1149 1041 1151 1048 >

71 1083 254 1178 gignuntur
280 1115 1136 1205 crea.10

32 1206 58 1244 rc
139 1181 242 1257 Quem
266 1181 475 1265 admodum,
502 1203 575 1245 cum
598 1183 731 1266 sanguis
755 1186 925 1267 corruptus
953 1187 1003 1247 est
1026 1186 1082 1247 eut
1099 1220 1138 1272 23

8 1179 120 1333 it
71 1268 120 1352 pit
122 1269 194 1334 ιιιιι
157 1270 382 1334 ttredunda
367 1272 466 1335 taut
492 1270 623 1352 bilis,'
613 1291 648 1334 in
676 1292 808 1355 corpore
836 1271 941 1334 morbi
972 1291 1082 1356 aegro-

8 1351 13 1458 ι
71 1358 276 1444 tationesque
303 1364 492 1442 nascuntur,
520 1359 566 1423 sic
593 1379 767 1442 pravarum
794 1358 982 1462 opinionum
1007 1381 1081 1424 con·

71 1445 216 1510 turbatio
235 1447 301 1510 et
291 1469 438 1530 ipsarum
460 1447 545 1510 inter
563 1469 597 1511 se
616 1447 832 1532 repugnantia
850 1448 920 1511 sani
921 1451 989 1510 tate
1008 1467 1081 1530 spo·

71 1535 132 1598 liat
152 1535 295 1599 animum
310 1536 495 1619 morbisque
513 1535 690 1620 perturbat.
667 1533 771 1600 ιΕιι
782 1535 936 1620 perturba
938 1535 1081 1599 tionibus

33 1646 57 1686 ιι
72 1626 182 1687 antem
209 1623 350 1707 primum
377 1623 482 1688 morbi
514 1624 737 1707 conficiuntur,
769 1645 851 1707 quae
881 1626 999 1688 vocant
1029 1623 1080 1687 illi

8 1715 9 1718 ’
72 1706 260 1800 νοσήματα,
292 1733 406 1795 eaque,
442 1732 524 1796 quae
561 1715 635 1776 sunt
668 1711 713 1776 eis
750 1711 873 1776 morbis
909 1732 967 1776 con
971 1711 1081 1795 traria,

71 1821 154 1883 quae
176 1799 298 1864 habent
318 1800 428 1864 adres
451 1803 628 1865 certast
579 1801 612 1864 ιι
614 1801 731 1864 tiosam
750 1799 960 1864 offensionem
984 1803 1081 1882 atque

71 1887 255 1966 fastidium,
283 1886 398 1952 deindo
426 1888 678 1973 aegrotationes,
712 1909 793 1973 quae
826 1888 1030 1972 appellantur
1062 1910 1082 1951 a

8 1975 189 2046 Stoicis
208 1970 465 2062 ἄῤῥωσιήμαια,
483 1976 600 2078 hisque
616 1978 695 2042 item
714 1977 886 2060 oppositae
900 1975 1081 2040 contrariae

32 2089 58 2127 ιο
72 2064 273 2129 offensiones.
322 2063 395 2130 Hoc
423 2065 495 2130 loco
521 2065 659 2132 nimium
686 2085 804 2148 operae
830 2064 1029 2130 consumitur
1062 2086 1081 2128 a

8 2163 9 2192 ³
71 2151 205 2234 Stoicis,
232 2151 372 2217 maxime
397 2175 416 2217 a
439 2149 638 2236 Chrysippo,
666 2151 743 2217 dum
765 2152 887 2218 morbis
910 2173 1081 2236 corporum

8 2289 9 2306 ι
71 2244 278 2341 comparetur
295 2241 483 2306 morborum
503 2241 604 2306 animi
623 2242 736 2305 similit
737 2240 809 2306 udo.
846 2239 916 2317 Qua
935 2241 1081 2304 oratione

8 2327 11 2384 ἰ
70 2323 300 2412 praetermissa
332 2329 465 2396 minime
496 2330 679 2394 necessaria
711 2351 762 2412 ea,
793 2350 874 2413 quae
906 2347 974 2392 rem
1006 2349 1079 2392 con·
1153 2393 1157 2402 ,

70 2418 187 2518 tinent,
200 2420 447 2500 pertractemus
467 2415 642 2502 Intellegat
642 2436 681 2481 m·
692 2417 794 2502 rgrtnr
803 2416 1080 2500 perturbationem
1099 2425 1134 2474 24

32 2503 278 2570 reluctantibus
296 2527 330 2570 se
358 2504 564 2590 opinionibus
591 2506 812 2572 inconstanter
840 2508 873 2568 et
898 2503 1081 2568 turbidein

70 2597 163 2658 motu
182 2614 252 2660 esse
271 2615 411 2677 sempe13
432 2613 505 2658 cum
524 2597 633 2658 autem
651 2594 705 2658 hic
722 2593 830 2657 fervor
843 2592 1080 2675 concitatioque

70 2682 173 2746 animi
203 2681 398 2748 inveteravit
429 2685 502 2746 ert
488 2686 653 2766 tamquam
685 2683 719 2746 in
746 2681 837 2745 venis
870 2680 1080 2764 medullisque

70 2771 203 2853 insedit,
225 2773 296 2834 tum
319 2769 448 2835 exsistit
469 2773 503 2834 et
524 2771 656 2834 morbus
680 2772 713 2834 et
730 2770 911 2854 aegrotatio
931 2771 969 2832 et·
982 2768 1081 2833 offen-

71 2859 182 2924 siones
210 2879 279 2942 eae,
307 2865 388 2941 quae
416 2862 492 2924 sunt
519 2858 566 2923 eis
595 2859 718 2923 morbis
743 2857 1080 2944 aegrotationibusque

32 2972 57 3010 ιο
71 2947 261 3012 contrariae.

137 3032 242 3113 Haec,
265 3055 346 3118 quae
370 3033 456 3118 dico,
478 3033 675 3118 cogitatione
698 3034 784 3099 inter
800 3056 835 3099 se
858 3034 1024 3115 differunt,
1046 3054 1081 3106 re
1092 3029 1130 3090 ll

71 3121 202 3207 quidem
229 3123 379 3206 copulata
408 3126 495 3206 sunt,
524 3143 629 3206 eaque·
652 3123 798 3188 oriuntur
825 3144 863 3187 ex
890 3121 1026 3186 libidine
1049 3125 1082 3184 et

72 3233 111 3276 ex
134 3211 269 3276 laetitia.
313 3207 398 3273 Nam
421 3232 494 3276 cum
517 3212 567 3275 cst
590 3211 759 3294 concupita
786 3211 923 3295 pecunia
945 3231 1004 3274 nec
1027 3208 1080 3272 ad·

70 3298 178 3364 hibita
205 3298 358 3363 continuo
382 3299 467 3364 ratio
495 3300 589 3383 quusi
615 3299 776 3384 quaedam*
795 3298 959 3366 Socratica
981 3297 1080 3362 medi·

33 3411 58 3452 ιι
73 3388 154 3471 cina,
173 3408 256 3471 quae
270 3391 400 3452 sanaret
413 3409 484 3452 eam
503 3387 722 3472 cupiditatem,
739 3391 910 3472 permanat
928 3389 962 3452 in
980 3407 1079 3451 venas

72 3479 105 3540 et
117 3475 268 3540 inhaeret
281 3475 317 3540 in
329 3475 506 3554 visceribus
520 3473 600 3541 illud
614 3475 745 3554 malum,
760 3477 932 3561 existitque
949 3476 1080 3540 morbus

73 3569 106 3629 et
124 3563 316 3649 aegrotatio
333 3586 414 3648 quae
432 3565 526 3629 evelli
544 3565 724 3629 inveterata
739 3587 806 3630 non
823 3567 968 3650 possunt,
988 3565 1080 3648 eique
