2544 3952
327 199 395 255 LIB.
413 200 447 256 V.
475 201 550 256 CAP.
572 207 693 257 14-1o.
722 159 877 267 §.ra-47.
1038 203 1102 264 441

7 359 13 441 l
97 368 207 428 turea
230 363 317 429 bona
339 362 473 427 dicenda
491 385 549 428 neo
567 363 728 441 habenda,
752 363 866 447 quibus
886 363 1105 428 abundantem

7 467 9 482 “
97 451 175 516 licet
202 472 273 516 esse
300 450 525 516 miserrimum.
574 451 627 516 An
655 452 798 534 dubitas,
825 453 903 535 quin
935 455 1104 538 praestans
1123 471 1157 521 45

97 539 293 623 valetudine,
315 539 451 618 viribus,
473 540 593 621 forma,
615 541 789 604 acerrumis
813 541 1104 625 integerrumisque

98 629 262 712 sensibus,
290 627 369 692 adde
397 628 507 710 etiam,
535 628 563 716 si
585 629 688 709 lubet,
716 629 938 712 pernicitatem
965 632 997 693 et
1019 630 1105 694 velo·

69 717 244 800 scitatem,
267 716 308 780 da
327 715 470 800 divitias,
493 707 644 798 honoris]
667 717 817 799 imperia,
841 738 930 800 opes,
952 717 1106 803 gloriam:

7 813 9 896 ,
97 805 125 868 si
158 804 257 870 fuerit
288 805 331 888 is,
362 804 418 888 qui
445 805 525 868 haec
551 805 663 888 habet,
694 805 845 882 iniustuS,
877 805 1105 890 intemperans,

7 947 10 970 ,
96 893 246 975 timidus,
267 892 377 957 hebeti
399 893 531 977 ingenio
555 893 651 977 atque
673 892 777 976 nullo,
805 893 1009 958 dubitabisne
1033 915 1105 958 cum

96 981 249 1046 miserum
273 979 399 1048 dicere?
444 980 560 1057 Qualia
589 982 690 1065 igitur
712 981 776 1045 ista
798 982 886 1047 bona
909 985 996 1065 sunt,
1024 1003 1104 1066 quae

96 1070 151 1152 qui
179 1069 312 1151 habeat,
340 1069 538 1133 miserrimus
566 1091 636 1133 esse
665 1069 791 1152 possit?
839 1069 1027 1154 Videamus,
1056 1091 1105 1154 ne,

55 1183 82 1222 1o
96 1158 134 1220 ut
162 1179 295 1222 acervus
323 1178 362 1220 ex
390 1158 440 1221 sui
467 1158 594 1241 generis
622 1159 745 1242 grams,
774 1157 819 1222 sio
846 1158 942 1222 beata
969 1159 1037 1222 vita
1066 1181 1105 1223 ex

7 1273 15 1322 q
97 1245 148 1308 sui
172 1245 332 1310 similibus
355 1245 503 1328 partibus
527 1244 609 1311 effici
635 1246 759 1311 debeat.
813 1245 904 1321 Quod
927 1247 954 1310 si
975 1247 1023 1311 ita
1047 1250 1105 1330 est,

7 1335 9 1340 ’
96 1355 136 1397 ex
154 1333 261 1416 bonis,
284 1355 365 1417 quae
384 1333 455 1399 sola
472 1334 609 1400 honesta
628 1338 716 1416 sunt,
742 1333 946 1399 efficiendum
966 1339 1015 1399 est
1034 1336 1106 1401 bea·

95 1425 180 1504 tum3
204 1443 242 1487 ea
265 1423 368 1486 mixta
390 1443 428 1486 ex
451 1422 661 1486 dissimilibus
685 1423 713 1486 si
737 1425 843 1505 erunt,
869 1422 1043 1488 honestum
1066 1445 1106 1487 ex

96 1509 136 1573 iis
161 1509 256 1574 effici·
269 1509 353 1574 nihil
376 1510 509 1593 poterit,
534 1532 597 1594 quo
621 1509 766 1576 detracto
790 1510 867 1594 quid
889 1512 1011 1594 poterit
1032 1511 1105 1575 bea·

55 1623 81 1663 15
94 1602 181 1662 turn.
198 1598 368 1682 intellegi?
420 1599 565 1681 Etenim,
596 1598 746 1682 quicquid
774 1605 837 1681 est,
869 1599 954 1681 quod
983 1599 1105 1664 bonurn

7 1689 19 1746 l
96 1686 153 1768 sit,
179 1686 214 1750 id
241 1686 454 1770 expetendum
482 1690 543 1769 est3
571 1686 656 1770 quod
683 1689 791 1750 autem
818 1687 1043 1770 expetendum,
1071 1688 1105 1751 id

7 1759 10 1794 f
96 1777 183 1840 certe
207 1774 462 1860 adprobandum
486 1775 572 1859 qnod
595 1795 668 1842 uero
693 1774 897 1857 adprobatis,
913 1774 952 1854 ,id
975 1779 1105 1860 gratum

83 1863 326 1948 ‘acceptumque
352 1863 548 1946 habendum3
576 1883 654 1948 ergo
685 1863 784 1926 etiem
816 1862 957 1946 dignitas
988 1863 1018 1926 ei
1048 1864 1105 1927 tri-

95 1951 226 2015 buenda
257 1955 315 2015 est.
368 1950 460 2027 Quod
492 1951 519 2015 si
546 1951 593 2016 ita
620 1954 682 2033 est,
709 1950 871 2014 laudabile
903 1951 946 2015 sit
974 1973 1105 2016 necesse

55 2065 83 2104 ao
97 2045 160 2123 est,
187 2039 308 2104 bonum
335 2038 436 2123 igitur
459 2061 553 2105 omne
580 2037 751 2104 laudabile.
795 2039 845 2104 Ex
869 2061 932 2124 quo
956 2038 1104 2124 efficitur,

7 2205 13 2212 ‚
96 2132 148 2212 ut,
172 2127 258 2211 quod
281 2128 324 2192 sit
345 2128 532 2210 honestum,
555 2127 588 2192 id
612 2129 654 2192 sit
677 2128 783 2192 solum
806 2127 937 2192 bonum.
1137 2177 1157 2240 6

7 2221 14 2230 “
164 2216 257 2293 Quod
282 2217 318 2280 ni
343 2216 391 2280 ita
416 2217 613 2300 tenebimuS,
638 2216 742 2280 multa
769 2219 875 2299 erunt,
905 2237 986 2300 quae
1008 2216 1103 2281 nobis
1123 2254 1157 2303 46

95 2307 183 2370 bona
206 2303 339 2368 dicenda
363 2306 440 2389 sint3
470 2305 585 2370 omitto
613 2304 743 2368 divitias
773 2301 867 2389 (quas
895 2326 967 2368 oum
999 2305 1103 2387 quivis

96 2393 243 2478 quamvis
262 2393 413 2478 indignus
431 2393 551 2458 habere
569 2392 685 2476 possit,
708 2393 742 2455 in
760 2391 854 2456 bonis
872 2413 939 2456 non
957 2414 1104 2476 numero,

56 2507 82 2548 ra
97 2481 183 2565 quod
211 2481 297 2545 enim
321 2485 370 2545 est
396 2482 530 2563 bonum,
557 2481 589 2545 id
611 2503 677 2546 non
700 2479 802 2564 quivis
830 2479 950 2544 babere
972 2479 1104 2564 potest),

97 2571 214 2634 omitto
235 2569 454 2634 'nobilitatem
490 2571 671 2654 famamque
707 2568 897 2651 popularem
930 2567 1103 2633 stultorum

97 2657 371 2743 inproborumque
399 2680 556 2726 consensu
587 2658 773 2739 excitatam3
801 2655 895 2734 haec,
923 2659 1105 2739 quaesunt

96 2746 247 2830 minima,
274 2749 384 2810 tamen
410 2748 497 2812 bona
524 2747 669 2811 dicantur
693 2765 823 2808 necesse
854 2748 915 2808 est:
944 2744 1105 2810 candiduli

97 2834 224 2917 dentes,
251 2835 379 2899 venusti
406 2835 505 2918 oculi,
533 2834 621 2898 color
648 2833 755 2898 suavis
784 2837 816 2896 et
844 2853 894 2916 ea,
928 2854 1010 2916 quae
1040 2833 1104 2896 An-

57 2948 83 2988 ao
97 2921 194 2986 ticlea
217 2920 328 2986 laudat
350 2921 439 2987 Ulixi
463 2923 558 3006 pedes
582 2922 729 2986 abluens:

140 3043 333 3110 Le'nitudo
357 3046 561 3128 orationis,
584 3043 790 3111 mollitudo
814 3045 995 3128 cdrporis.

96 3185 147 3252 Ea
166 3185 194 3250 si
217 3186 304 3250 bona
326 3185 491 3268 ducemus,
514 3186 590 3271 quid
609 3185 671 3250 erit
689 3185 724 3250 in
741 3185 926 3270 philosophi
943 3185 1103 3271 gravitate

97 3296 195 3360 quam
223 3272 258 3338 in
284 3274 373 3358 volgi
397 3274 546 3359 opinione
570 3274 803 3358 stultorumque
825 3275 922 3339 turba
952 3275 1037 3358 quod
1060 3274 1104 3338 di·

97 3365 188 3428 catur
224 3365 281 3426 aut
314 3363 443 3447 gravius
476 3365 533 3428 aut
562 3361 739 3447 grandius?
798 3361 844 3427 At
876 3363 961 3426 enim
994 3362 1103 3426 eadem
1122 3373 1204 3422 arv

57 3477 82 3518 aa
98 3449 197 3516 Stoici
221 3449 425 3534 ‘praecipua'
448 3451 499 3514 vel
524 3448 709 3534 ‘producta'
733 3450 855 3535 dicunt,
884 3472 964 3535 quae
988 3449 1103 3515 ‘bona'

96 3539 160 3605 isti.
205 3538 326 3604 Dicunt
351 3539 402 3603 illi
429 3539 570 3622 quidem,
598 3539 653 3604 sed
675 3539 716 3602 iis
740 3539 839 3603 vitam
867 3539 995 3603 beatam
1019 3560 1102 3603 com-
