<?xml version="1.0" encoding="UTF-8"?>
<!DOCTYPE html PUBLIC "-//W3C//DTD XHTML 1.0 Transitional//EN"
    "http://www.w3.org/TR/xhtml1/DTD/xhtml1-transitional.dtd">
<html xmlns="http://www.w3.org/1999/xhtml" xml:lang="en" lang="en">
 <head>
  <title>
</title>
<meta http-equiv="Content-Type" content="text/html;charset=utf-8" />
  <meta name='ocr-system' content='tesseract 3.04.00' />
  <meta name='ocr-capabilities' content='ocr_page ocr_carea ocr_par ocr_line ocrx_word'/>
</head>
<body>
  <div class='ocr_page' id='page_1' title='image "./scriptaquaemans00unkngoog_0065.png"; bbox 0 0 2470 3962; ppageno 0'>
   <div class='ocr_carea' id='block_1_1' title="bbox 143 183 927 249">
    <p class='ocr_par' dir='ltr' id='par_1_1' title="bbox 143 183 927 249">
     <span class='ocr_line' id='line_1_1' title="bbox 143 183 927 249; baseline 0 -9"><span class='ocrx_word' id='word_1_1' title='bbox 143 185 186 249; x_wconf 83' lang='grc'><strong>12</strong></span> <span class='ocrx_word' id='word_1_2' title='bbox 359 183 650 240; x_wconf 74' lang='lat' dir='ltr'><strong>Achnnulooauu</strong></span> <span class='ocrx_word' id='word_1_3' title='bbox 668 183 927 240; x_wconf 82' lang='lat' dir='ltr'>POSTERIORUM</span> 
     </span>
    </p>
   </div>
   <div class='ocr_carea' id='block_1_2' title="bbox 76 301 1234 3602">
    <p class='ocr_par' dir='ltr' id='par_1_2' title="bbox 140 301 1158 432">
     <span class='ocr_line' id='line_1_2' title="bbox 986 301 1064 338; baseline 0 0"><span class='ocrx_word' id='word_1_4' title='bbox 986 309 994 328; x_wconf 84' lang='lat'><strong>·</strong></span> <span class='ocrx_word' id='word_1_5' title='bbox 1039 301 1064 338; x_wconf 69' lang='lat'>0</span> 
     </span>
     <span class='ocr_line' id='line_1_3' title="bbox 140 346 1158 432; baseline 0 -20"><span class='ocrx_word' id='word_1_6' title='bbox 140 349 308 431; x_wconf 89' lang='lat' dir='ltr'><strong>tineretur,</strong></span> <span class='ocrx_word' id='word_1_7' title='bbox 340 369 444 432; x_wconf 90' lang='lat' dir='ltr'><strong>neque</strong></span> <span class='ocrx_word' id='word_1_8' title='bbox 472 349 538 412; x_wconf 83' lang='lat' dir='ltr'><strong>vim</strong></span> <span class='ocrx_word' id='word_1_9' title='bbox 566 346 634 411; x_wconf 87' lang='lat' dir='ltr'><strong>sinc</strong></span> <span class='ocrx_word' id='word_1_10' title='bbox 667 347 776 431; x_wconf 88' lang='lat' dir='ltr'><strong>aliqua</strong></span> <span class='ocrx_word' id='word_1_11' title='bbox 803 347 952 430; x_wconf 81' lang='lat' dir='ltr'><strong>materia3</strong></span> <span class='ocrx_word' id='word_1_12' title='bbox 984 346 1067 411; x_wconf 89' lang='lat' dir='ltr'><strong>nihil</strong></span> <span class='ocrx_word' id='word_1_13' title='bbox 1101 351 1158 412; x_wconf 87' lang='lat' dir='ltr'><strong>est</strong></span> 
     </span>
    </p>

    <p class='ocr_par' dir='ltr' id='par_1_3' title="bbox 76 432 1183 870">
     <span class='ocr_line' id='line_1_4' title="bbox 76 432 1157 519; baseline -0.002 -19"><span class='ocrx_word' id='word_1_14' title='bbox 76 432 79 436; x_wconf 74' lang='grc'><strong>’</strong></span> <span class='ocrx_word' id='word_1_15' title='bbox 142 436 242 519; x_wconf 86' lang='lat' dir='ltr'><strong>enim,</strong></span> <span class='ocrx_word' id='word_1_16' title='bbox 271 436 355 519; x_wconf 89' lang='lat' dir='ltr'><strong>quod</strong></span> <span class='ocrx_word' id='word_1_17' title='bbox 381 457 447 500; x_wconf 90' lang='lat' dir='ltr'><strong>non</strong></span> <span class='ocrx_word' id='word_1_18' title='bbox 475 435 592 500; x_wconf 89' lang='lat' dir='ltr'><strong>alicubi</strong></span> <span class='ocrx_word' id='word_1_19' title='bbox 619 456 689 499; x_wconf 86' lang='lat' dir='ltr'><strong>esse</strong></span> <span class='ocrx_word' id='word_1_20' title='bbox 717 438 861 518; x_wconf 80' lang='lat' dir='ltr'><strong>cogatur.</strong></span> <span class='ocrx_word' id='word_1_21' title='bbox 911 433 974 500; x_wconf 82' lang='lat' dir='ltr'><strong>Sed</strong></span> <span class='ocrx_word' id='word_1_22' title='bbox 1002 435 1089 519; x_wconf 86' lang='lat' dir='ltr'><strong>quod</strong></span> <span class='ocrx_word' id='word_1_23' title='bbox 1113 457 1157 498; x_wconf 83' lang='lat' dir='ltr'><strong>ex</strong></span> 
     </span>
     <span class='ocr_line' id='line_1_5' title="bbox 141 523 1154 610; baseline -0.001 -22"><span class='ocrx_word' id='word_1_24' title='bbox 141 528 286 608; x_wconf 89' lang='lat' dir='ltr'><strong>utroque,</strong></span> <span class='ocrx_word' id='word_1_25' title='bbox 305 523 372 610; x_wconf 91' lang='lat' dir='ltr'><strong>id†</strong></span> <span class='ocrx_word' id='word_1_26' title='bbox 384 523 449 588; x_wconf 90' lang='lat' dir='ltr'><strong>iam</strong></span> <span class='ocrx_word' id='word_1_27' title='bbox 459 545 575 607; x_wconf 86' lang='lat' dir='ltr'><strong>corpus</strong></span> <span class='ocrx_word' id='word_1_28' title='bbox 590 525 623 586; x_wconf 87' lang='lat' dir='ltr'><strong>et</strong></span> <span class='ocrx_word' id='word_1_29' title='bbox 636 523 727 607; x_wconf 83' lang='lat' dir='ltr'><strong>quasi</strong></span> <span class='ocrx_word' id='word_1_30' title='bbox 742 523 971 606; x_wconf 76' lang='lat' dir='ltr'><strong>qualitatem</strong></span> <span class='ocrx_word' id='word_1_31' title='bbox 986 523 1154 607; x_wconf 87' lang='lat' dir='ltr'><strong>quandam</strong></span> 
     </span>
     <span class='ocr_line' id='line_1_6' title="bbox 141 611 1155 694; baseline -0.002 -18"><span class='ocrx_word' id='word_1_32' title='bbox 141 613 367 691; x_wconf 82' lang='lat' dir='ltr'><strong>nominabant3</strong></span> <span class='ocrx_word' id='word_1_33' title='bbox 391 611 510 675; x_wconf 90' lang='lat' dir='ltr'><strong>dabitis</strong></span> <span class='ocrx_word' id='word_1_34' title='bbox 534 611 618 675; x_wconf 88' lang='lat' dir='ltr'><strong>enim</strong></span> <span class='ocrx_word' id='word_1_35' title='bbox 639 611 795 694; x_wconf 86' lang='lat' dir='ltr'><strong>profect0,</strong></span> <span class='ocrx_word' id='word_1_36' title='bbox 817 612 910 675; x_wconf 89' lang='lat' dir='ltr'><strong>utin</strong></span> <span class='ocrx_word' id='word_1_37' title='bbox 932 612 1028 676; x_wconf 87' lang='lat' dir='ltr'><strong>rebus</strong></span> <span class='ocrx_word' id='word_1_38' title='bbox 1052 611 1155 676; x_wconf 88' lang='lat' dir='ltr'><strong>inusi-</strong></span> 
     </span>
     <span class='ocr_line' id='line_1_7' title="bbox 141 698 1183 784; baseline 0 -20"><span class='ocrx_word' id='word_1_39' title='bbox 141 700 235 784; x_wconf 76' lang='lat' dir='ltr'><strong>acis,</strong></span> <span class='ocrx_word' id='word_1_40' title='bbox 261 699 346 784; x_wconf 89' lang='lat' dir='ltr'><strong>quod</strong></span> <span class='ocrx_word' id='word_1_41' title='bbox 374 698 490 763; x_wconf 84' lang='lat' dir='ltr'><strong>Graeci</strong></span> <span class='ocrx_word' id='word_1_42' title='bbox 516 698 579 782; x_wconf 90' lang='lat' dir='ltr'><strong>ipsi</strong></span> <span class='ocrx_word' id='word_1_43' title='bbox 610 698 747 782; x_wconf 89' lang='lat' dir='ltr'><strong>faciunt,</strong></span> <span class='ocrx_word' id='word_1_44' title='bbox 780 721 800 762; x_wconf 89' lang='lat' dir='ltr'><strong>a</strong></span> <span class='ocrx_word' id='word_1_45' title='bbox 827 699 943 783; x_wconf 87' lang='lat' dir='ltr'><strong>quibus</strong></span> <span class='ocrx_word' id='word_1_46' title='bbox 970 699 1051 763; x_wconf 88' lang='lat' dir='ltr'><strong>haec</strong></span> <span class='ocrx_word' id='word_1_47' title='bbox 1083 700 1183 764; x_wconf 84' lang='lat' dir='ltr'><strong>iam5</strong></span> 
     </span>
     <span class='ocr_line' id='line_1_8' title="bbox 142 786 1065 870; baseline -0.002 -18"><span class='ocrx_word' id='word_1_48' title='bbox 142 788 196 852; x_wconf 85' lang='lat' dir='ltr'><strong>diu</strong></span> <span class='ocrx_word' id='word_1_49' title='bbox 219 789 413 870; x_wconf 72' lang='lat' dir='ltr'><strong>tractantur,</strong></span> <span class='ocrx_word' id='word_1_50' title='bbox 435 790 565 852; x_wconf 88' lang='lat' dir='ltr'><strong>utamur</strong></span> <span class='ocrx_word' id='word_1_51' title='bbox 586 787 694 850; x_wconf 79' lang='lat' dir='ltr'><strong>verbis</strong></span> <span class='ocrx_word' id='word_1_52' title='bbox 717 786 878 851; x_wconf 87' lang='lat' dir='ltr'><strong>interdum</strong></span> <span class='ocrx_word' id='word_1_53' title='bbox 901 787 1065 851; x_wconf 86' lang='lat' dir='ltr'><strong>inauditis.</strong></span> 
     </span>
    </p>

    <p class='ocr_par' dir='ltr' id='par_1_4' title="bbox 89 843 1193 1223">
     <span class='ocr_line' id='line_1_9' title="bbox 89 843 1152 971; baseline -0.002 -30"><span class='ocrx_word' id='word_1_54' title='bbox 89 843 122 971; x_wconf 69' lang='lat'><strong>,75</strong></span> <span class='ocrx_word' id='word_1_55' title='bbox 207 875 276 941; x_wconf 90' lang='lat' dir='ltr'><strong>Nos</strong></span> <span class='ocrx_word' id='word_1_56' title='bbox 312 897 404 957; x_wconf 87' lang='lat' dir='ltr'><strong>vero,</strong></span> <span class='ocrx_word' id='word_1_57' title='bbox 439 874 546 958; x_wconf 89' lang='lat' dir='ltr'><strong>inquit</strong></span> <span class='ocrx_word' id='word_1_58' title='bbox 581 873 726 959; x_wconf 81' lang='lat' dir='ltr'><strong>Atticus3</strong></span> <span class='ocrx_word' id='word_1_59' title='bbox 769 875 846 958; x_wconf 89' lang='lat' dir='ltr'><strong>quin</strong></span> <span class='ocrx_word' id='word_1_60' title='bbox 881 875 980 940; x_wconf 89' lang='lat' dir='ltr'><strong>etiam</strong></span> <span class='ocrx_word' id='word_1_61' title='bbox 1017 873 1152 940; x_wconf 80' lang='lat' dir='ltr'><strong>Graecis</strong></span> 
     </span>
     <span class='ocr_line' id='line_1_10' title="bbox 141 961 1153 1046; baseline -0.001 -19"><span class='ocrx_word' id='word_1_62' title='bbox 141 964 252 1028; x_wconf 80' lang='lat' dir='ltr'><strong>licebit</strong></span> <span class='ocrx_word' id='word_1_63' title='bbox 277 966 382 1046; x_wconf 89' lang='lat' dir='ltr'><strong>utare,</strong></span> <span class='ocrx_word' id='word_1_64' title='bbox 404 984 477 1027; x_wconf 90' lang='lat' dir='ltr'><strong>cum</strong></span> <span class='ocrx_word' id='word_1_65' title='bbox 505 962 606 1046; x_wconf 81' lang='lat' dir='ltr'><strong>voles,</strong></span> <span class='ocrx_word' id='word_1_66' title='bbox 633 963 661 1026; x_wconf 88' lang='lat' dir='ltr'><strong>si</strong></span> <span class='ocrx_word' id='word_1_67' title='bbox 683 966 716 1026; x_wconf 88' lang='lat' dir='ltr'><strong>te</strong></span> <span class='ocrx_word' id='word_1_68' title='bbox 739 961 857 1028; x_wconf 87' lang='lat' dir='ltr'><strong>Latina</strong></span> <span class='ocrx_word' id='word_1_69' title='bbox 882 963 968 1028; x_wconf 87' lang='lat' dir='ltr'><strong>forte</strong></span> <span class='ocrx_word' id='word_1_70' title='bbox 992 962 1153 1028; x_wconf 85' lang='lat' dir='ltr'><strong>deficient.</strong></span> 
     </span>
     <span class='ocr_line' id='line_1_11' title="bbox 142 1049 1154 1136; baseline 0 -20"><span class='ocrx_word' id='word_1_71' title='bbox 142 1088 182 1098; x_wconf 92' lang='lat'><em>-</em></span> <span class='ocrx_word' id='word_1_72' title='bbox 216 1050 304 1116; x_wconf 89' lang='lat' dir='ltr'><strong>Bene</strong></span> <span class='ocrx_word' id='word_1_73' title='bbox 338 1072 417 1114; x_wconf 86' lang='lat' dir='ltr'><strong>sanc</strong></span> <span class='ocrx_word' id='word_1_74' title='bbox 446 1050 557 1134; x_wconf 78' lang='lat' dir='ltr'><strong>facis3¹</strong></span> <span class='ocrx_word' id='word_1_75' title='bbox 575 1050 631 1114; x_wconf 81' lang='lat' dir='ltr'><strong>sed</strong></span> <span class='ocrx_word' id='word_1_76' title='bbox 664 1051 781 1134; x_wconf 86' lang='lat' dir='ltr'><strong>enitar,</strong></span> <span class='ocrx_word' id='word_1_77' title='bbox 811 1053 848 1115; x_wconf 88' lang='lat' dir='ltr'><strong>ut</strong></span> <span class='ocrx_word' id='word_1_78' title='bbox 879 1049 993 1115; x_wconf 89' lang='lat' dir='ltr'><strong>Latine</strong></span> <span class='ocrx_word' id='word_1_79' title='bbox 1025 1052 1154 1136; x_wconf 88' lang='lat' dir='ltr'><strong>loquar,</strong></span> 
     </span>
     <span class='ocr_line' id='line_1_12' title="bbox 140 1138 1193 1223; baseline -0.002 -19"><span class='ocrx_word' id='word_1_80' title='bbox 140 1141 205 1204; x_wconf 90' lang='lat' dir='ltr'><strong>nisi</strong></span> <span class='ocrx_word' id='word_1_81' title='bbox 232 1141 266 1203; x_wconf 89' lang='lat' dir='ltr'><strong>in</strong></span> <span class='ocrx_word' id='word_1_82' title='bbox 293 1138 424 1205; x_wconf 88' lang='lat' dir='ltr'><strong>huiusce</strong></span> <span class='ocrx_word' id='word_1_83' title='bbox 452 1139 540 1204; x_wconf 90' lang='lat' dir='ltr'><strong>modi</strong></span> <span class='ocrx_word' id='word_1_84' title='bbox 567 1138 686 1221; x_wconf 71' lang='lat' dir='ltr'><strong>sarbia,</strong></span> <span class='ocrx_word' id='word_1_85' title='bbox 713 1141 750 1202; x_wconf 89' lang='lat' dir='ltr'><strong>ut</strong></span> <span class='ocrx_word' id='word_1_86' title='bbox 781 1139 1068 1223; x_wconf 82' lang='lat' dir='ltr'><strong>philosophiam</strong></span> <span class='ocrx_word' id='word_1_87' title='bbox 1094 1144 1193 1204; x_wconf 79' lang='lat' dir='ltr'><strong>antio</strong></span> 
     </span>
    </p>

    <p class='ocr_par' dir='ltr' id='par_1_5' title="bbox 101 1226 1192 2191">
     <span class='ocr_line' id='line_1_13' title="bbox 101 1226 1151 1311; baseline 0.002 -21"><span class='ocrx_word' id='word_1_88' title='bbox 101 1261 102 1264; x_wconf 34' lang='lat'>¹</span> <span class='ocrx_word' id='word_1_89' title='bbox 140 1226 374 1291; x_wconf 82' lang='lat' dir='ltr'><strong>rhetoricam</strong></span> <span class='ocrx_word' id='word_1_90' title='bbox 406 1231 463 1291; x_wconf 90' lang='lat' dir='ltr'><strong>aut</strong></span> <span class='ocrx_word' id='word_1_91' title='bbox 497 1227 697 1311; x_wconf 87' lang='lat' dir='ltr'><strong>physicam</strong></span> <span class='ocrx_word' id='word_1_92' title='bbox 730 1229 787 1290; x_wconf 90' lang='lat' dir='ltr'><strong>aut</strong></span> <span class='ocrx_word' id='word_1_93' title='bbox 814 1227 1062 1311; x_wconf 81' lang='lat' dir='ltr'><strong>dialecticam</strong></span> <span class='ocrx_word' id='word_1_94' title='bbox 1095 1250 1151 1311; x_wconf 90' lang='lat' dir='ltr'><strong>ap-</strong></span> 
     </span>
     <span class='ocr_line' id='line_1_14' title="bbox 140 1314 1152 1402; baseline 0.001 -24"><span class='ocrx_word' id='word_1_95' title='bbox 140 1315 273 1400; x_wconf 88' lang='lat' dir='ltr'><strong>pellem,</strong></span> <span class='ocrx_word' id='word_1_96' title='bbox 301 1315 417 1402; x_wconf 84' lang='lat' dir='ltr'><strong>quibus</strong></span> <span class='ocrx_word' id='word_1_97' title='bbox 440 1319 477 1379; x_wconf 91' lang='lat' dir='ltr'><strong>ut</strong></span> <span class='ocrx_word' id='word_1_98' title='bbox 500 1315 573 1380; x_wconf 89' lang='lat' dir='ltr'><strong>aliis</strong></span> <span class='ocrx_word' id='word_1_99' title='bbox 596 1314 707 1379; x_wconf 89' lang='lat' dir='ltr'><strong>multis</strong></span> <span class='ocrx_word' id='word_1_100' title='bbox 731 1314 926 1381; x_wconf 83' lang='lat' dir='ltr'><strong>consuetudo</strong></span> <span class='ocrx_word' id='word_1_101' title='bbox 957 1315 1023 1379; x_wconf 91' lang='lat' dir='ltr'><strong>iam</strong></span> <span class='ocrx_word' id='word_1_102' title='bbox 1045 1315 1152 1380; x_wconf 86' lang='lat' dir='ltr'><strong>utitur</strong></span> 
     </span>
     <span class='ocr_line' id='line_1_15' title="bbox 141 1399 1152 1487; baseline 0.002 -21"><span class='ocrx_word' id='word_1_103' title='bbox 141 1425 200 1487; x_wconf 90' lang='lat' dir='ltr'><strong>pro</strong></span> <span class='ocrx_word' id='word_1_104' title='bbox 222 1401 356 1468; x_wconf 81' lang='lat' dir='ltr'><strong>Latinis.</strong></span> <span class='ocrx_word' id='word_1_105' title='bbox 391 1402 614 1478; x_wconf 82' lang='lat' dir='ltr'><strong>Qualitates</strong></span> <span class='ocrx_word' id='word_1_106' title='bbox 637 1403 737 1486; x_wconf 83' lang='lat' dir='ltr'><strong>igitur</strong></span> <span class='ocrx_word' id='word_1_107' title='bbox 760 1403 934 1487; x_wconf 86' lang='lat' dir='ltr'><strong>appellavi,</strong></span> <span class='ocrx_word' id='word_1_108' title='bbox 957 1425 1036 1487; x_wconf 88' lang='lat' dir='ltr'><strong>quas</strong></span> <span class='ocrx_word' id='word_1_109' title='bbox 1059 1399 1152 1468; x_wconf 84' lang='grc' dir='ltr'><em>ποιό·</em></span> 
     </span>
     <span class='ocr_line' id='line_1_16' title="bbox 141 1489 1150 1575; baseline -0.001 -20"><span class='ocrx_word' id='word_1_110' title='bbox 141 1513 240 1573; x_wconf 64' lang='lat' dir='ltr'><strong>aqvas</strong></span> <span class='ocrx_word' id='word_1_111' title='bbox 258 1489 373 1555; x_wconf 81' lang='lat' dir='ltr'><strong>Graeci</strong></span> <span class='ocrx_word' id='word_1_112' title='bbox 392 1491 570 1575; x_wconf 87' lang='lat' dir='ltr'><strong>appellant,</strong></span> <span class='ocrx_word' id='word_1_113' title='bbox 594 1490 677 1574; x_wconf 90' lang='lat' dir='ltr'><strong>quod</strong></span> <span class='ocrx_word' id='word_1_114' title='bbox 695 1490 803 1573; x_wconf 89' lang='lat' dir='ltr'><strong>ipsum</strong></span> <span class='ocrx_word' id='word_1_115' title='bbox 823 1491 907 1574; x_wconf 86' lang='lat' dir='ltr'><strong>apud</strong></span> <span class='ocrx_word' id='word_1_116' title='bbox 926 1489 1065 1556; x_wconf 80' lang='lat' dir='ltr'><strong>Graecos</strong></span> <span class='ocrx_word' id='word_1_117' title='bbox 1083 1513 1150 1556; x_wconf 90' lang='lat' dir='ltr'><strong>non</strong></span> 
     </span>
     <span class='ocr_line' id='line_1_17' title="bbox 143 1577 1192 1664; baseline 0 -22"><span class='ocrx_word' id='word_1_118' title='bbox 143 1584 193 1643; x_wconf 87' lang='lat' dir='ltr'><strong>est</strong></span> <span class='ocrx_word' id='word_1_119' title='bbox 224 1579 313 1663; x_wconf 82' lang='lat' dir='ltr'><strong>vulgi</strong></span> <span class='ocrx_word' id='word_1_120' title='bbox 344 1579 491 1662; x_wconf 87' lang='lat' dir='ltr'><strong>verbum,</strong></span> <span class='ocrx_word' id='word_1_121' title='bbox 523 1578 578 1643; x_wconf 82' lang='lat' dir='ltr'><strong>sed</strong></span> <span class='ocrx_word' id='word_1_122' title='bbox 610 1577 888 1664; x_wconf 64' lang='lat' dir='ltr'><strong>philosophorum</strong></span> <span class='ocrx_word' id='word_1_123' title='bbox 922 1583 1018 1664; x_wconf 90' lang='lat' dir='ltr'><strong>atque</strong></span> <span class='ocrx_word' id='word_1_124' title='bbox 1049 1579 1083 1644; x_wconf 92' lang='lat' dir='ltr'><strong>id</strong></span> <span class='ocrx_word' id='word_1_125' title='bbox 1115 1580 1151 1643; x_wconf 92' lang='lat' dir='ltr'><strong>in</strong></span> <span class='ocrx_word' id='word_1_126' title='bbox 1167 1604 1192 1642; x_wconf 84' lang='lat'><strong>15</strong></span> 
     </span>
     <span class='ocr_line' id='line_1_18' title="bbox 142 1665 1150 1752; baseline 0.002 -22"><span class='ocrx_word' id='word_1_127' title='bbox 142 1667 264 1732; x_wconf 88' lang='lat' dir='ltr'><strong>multis.</strong></span> <span class='ocrx_word' id='word_1_128' title='bbox 304 1665 555 1732; x_wconf 86' lang='lat' dir='ltr'><strong>Dialecticorum</strong></span> <span class='ocrx_word' id='word_1_129' title='bbox 578 1687 654 1730; x_wconf 87' lang='lat' dir='ltr'><strong>vero</strong></span> <span class='ocrx_word' id='word_1_130' title='bbox 676 1667 776 1730; x_wconf 84' lang='lat' dir='ltr'><strong>verba</strong></span> <span class='ocrx_word' id='word_1_131' title='bbox 797 1667 887 1730; x_wconf 91' lang='lat' dir='ltr'><strong>nulla</strong></span> <span class='ocrx_word' id='word_1_132' title='bbox 911 1672 987 1731; x_wconf 90' lang='lat' dir='ltr'><strong>sunt</strong></span> <span class='ocrx_word' id='word_1_133' title='bbox 1007 1668 1150 1752; x_wconf 87' lang='lat' dir='ltr'><strong>publica,</strong></span> 
     </span>
     <span class='ocr_line' id='line_1_19' title="bbox 143 1755 1151 1838; baseline 0.002 -20"><span class='ocrx_word' id='word_1_134' title='bbox 143 1755 209 1820; x_wconf 89' lang='lat' dir='ltr'><strong>suis</strong></span> <span class='ocrx_word' id='word_1_135' title='bbox 229 1759 370 1819; x_wconf 87' lang='lat' dir='ltr'><strong>utuntur.</strong></span> <span class='ocrx_word' id='word_1_136' title='bbox 398 1755 442 1819; x_wconf 82' lang='lat' dir='ltr'><strong>llt</strong></span> <span class='ocrx_word' id='word_1_137' title='bbox 460 1755 493 1819; x_wconf 90' lang='lat' dir='ltr'><strong>id</strong></span> <span class='ocrx_word' id='word_1_138' title='bbox 516 1755 644 1838; x_wconf 87' lang='lat' dir='ltr'><strong>quidem</strong></span> <span class='ocrx_word' id='word_1_139' title='bbox 664 1775 833 1819; x_wconf 87' lang='lat' dir='ltr'><strong>commune</strong></span> <span class='ocrx_word' id='word_1_140' title='bbox 852 1756 996 1820; x_wconf 89' lang='lat' dir='ltr'><strong>omnium</strong></span> <span class='ocrx_word' id='word_1_141' title='bbox 1013 1755 1082 1820; x_wconf 87' lang='lat' dir='ltr'><strong>fere</strong></span> <span class='ocrx_word' id='word_1_142' title='bbox 1100 1761 1151 1820; x_wconf 87' lang='lat' dir='ltr'><strong>est</strong></span> 
     </span>
     <span class='ocr_line' id='line_1_20' title="bbox 143 1843 1151 1927; baseline 0.002 -21"><span class='ocrx_word' id='word_1_143' title='bbox 143 1844 275 1927; x_wconf 81' lang='lat' dir='ltr'><strong>artium3</strong></span> <span class='ocrx_word' id='word_1_144' title='bbox 300 1847 356 1907; x_wconf 86' lang='lat' dir='ltr'><strong>aut</strong></span> <span class='ocrx_word' id='word_1_145' title='bbox 379 1843 464 1907; x_wconf 87' lang='lat' dir='ltr'><strong>enim</strong></span> <span class='ocrx_word' id='word_1_146' title='bbox 486 1865 572 1907; x_wconf 84' lang='lat' dir='ltr'><strong>nova</strong></span> <span class='ocrx_word' id='word_1_147' title='bbox 594 1844 670 1906; x_wconf 83' lang='lat' dir='ltr'><strong>sunt</strong></span> <span class='ocrx_word' id='word_1_148' title='bbox 691 1863 799 1906; x_wconf 87' lang='lat' dir='ltr'><strong>rerum</strong></span> <span class='ocrx_word' id='word_1_149' title='bbox 821 1865 979 1908; x_wconf 87' lang='lat' dir='ltr'><strong>novarum</strong></span> <span class='ocrx_word' id='word_1_150' title='bbox 1001 1843 1151 1909; x_wconf 87' lang='lat' dir='ltr'><strong>facienda</strong></span> 
     </span>
     <span class='ocr_line' id='line_1_21' title="bbox 141 1929 1150 2006; baseline 0.002 -12"><span class='ocrx_word' id='word_1_151' title='bbox 141 1931 274 1995; x_wconf 91' lang='lat' dir='ltr'><strong>nomina</strong></span> <span class='ocrx_word' id='word_1_152' title='bbox 304 1934 360 2001; x_wconf 86' lang='lat' dir='ltr'><strong>aut</strong></span> <span class='ocrx_word' id='word_1_153' title='bbox 390 1953 427 1995; x_wconf 83' lang='lat' dir='ltr'><strong>ex</strong></span> <span class='ocrx_word' id='word_1_154' title='bbox 463 1930 536 1994; x_wconf 85' lang='lat' dir='ltr'><strong>aliis</strong></span> <span class='ocrx_word' id='word_1_155' title='bbox 566 1929 795 2002; x_wconf 82' lang='lat' dir='ltr'><strong>transferenda.</strong></span> <span class='ocrx_word' id='word_1_156' title='bbox 850 1930 942 2006; x_wconf 82' lang='lat' dir='ltr'><strong>Quod</strong></span> <span class='ocrx_word' id='word_1_157' title='bbox 975 1932 1002 1996; x_wconf 88' lang='lat' dir='ltr'><strong>si</strong></span> <span class='ocrx_word' id='word_1_158' title='bbox 1035 1931 1150 1996; x_wconf 83' lang='lat' dir='ltr'><strong>Graeci</strong></span> 
     </span>
     <span class='ocr_line' id='line_1_22' title="bbox 142 2017 1190 2104; baseline 0.003 -23"><span class='ocrx_word' id='word_1_159' title='bbox 142 2019 278 2092; x_wconf 84' lang='lat' dir='ltr'><strong>faciunt,</strong></span> <span class='ocrx_word' id='word_1_160' title='bbox 306 2019 361 2102; x_wconf 92' lang='lat' dir='ltr'><strong>qui</strong></span> <span class='ocrx_word' id='word_1_161' title='bbox 383 2019 417 2083; x_wconf 82' lang='lat' dir='ltr'><strong>iu</strong></span> <span class='ocrx_word' id='word_1_162' title='bbox 439 2017 490 2082; x_wconf 88' lang='lat' dir='ltr'><strong>his</strong></span> <span class='ocrx_word' id='word_1_163' title='bbox 518 2017 613 2082; x_wconf 83' lang='lat' dir='ltr'><strong>rebus</strong></span> <span class='ocrx_word' id='word_1_164' title='bbox 645 2021 696 2082; x_wconf 87' lang='lat' dir='ltr'><strong>tot</strong></span> <span class='ocrx_word' id='word_1_165' title='bbox 723 2019 787 2082; x_wconf 88' lang='lat' dir='ltr'><strong>iam</strong></span> <span class='ocrx_word' id='word_1_166' title='bbox 816 2020 942 2084; x_wconf 84' lang='lat' dir='ltr'><strong>saecula</strong></span> <span class='ocrx_word' id='word_1_167' title='bbox 971 2024 1150 2104; x_wconf 83' lang='lat' dir='ltr'><strong>versantur,</strong></span> <span class='ocrx_word' id='word_1_168' title='bbox 1164 2047 1190 2084; x_wconf 79' lang='lat'><strong>20</strong></span> 
     </span>
     <span class='ocr_line' id='line_1_23' title="bbox 144 2105 1150 2191; baseline 0.003 -21"><span class='ocrx_word' id='word_1_169' title='bbox 144 2110 264 2191; x_wconf 84' lang='lat' dir='ltr'><strong>quanto</strong></span> <span class='ocrx_word' id='word_1_170' title='bbox 294 2105 327 2169; x_wconf 85' lang='lat' dir='ltr'><strong>id</strong></span> <span class='ocrx_word' id='word_1_171' title='bbox 357 2106 453 2171; x_wconf 90' lang='lat' dir='ltr'><strong>nobis</strong></span> <span class='ocrx_word' id='word_1_172' title='bbox 482 2106 587 2191; x_wconf 83' lang='lat' dir='ltr'><strong>magis</strong></span> <span class='ocrx_word' id='word_1_173' title='bbox 619 2105 855 2172; x_wconf 84' lang='lat' dir='ltr'><strong>concedendum</strong></span> <span class='ocrx_word' id='word_1_174' title='bbox 888 2111 949 2191; x_wconf 88' lang='lat' dir='ltr'><strong>est,</strong></span> <span class='ocrx_word' id='word_1_175' title='bbox 982 2109 1036 2190; x_wconf 91' lang='lat' dir='ltr'><strong>qui</strong></span> <span class='ocrx_word' id='word_1_176' title='bbox 1069 2108 1150 2173; x_wconf 91' lang='lat' dir='ltr'><strong>haec</strong></span> 
     </span>
    </p>

    <p class='ocr_par' dir='ltr' id='par_1_6' title="bbox 89 2193 1234 3602">
     <span class='ocr_line' id='line_1_24' title="bbox 89 2193 1151 2282; baseline -0.001 -20"><span class='ocrx_word' id='word_1_177' title='bbox 89 2213 123 2263; x_wconf 71' lang='lat' dir='ltr'><strong>as</strong></span> <span class='ocrx_word' id='word_1_178' title='bbox 141 2215 227 2258; x_wconf 89' lang='lat' dir='ltr'><strong>nunc</strong></span> <span class='ocrx_word' id='word_1_179' title='bbox 252 2194 392 2278; x_wconf 86' lang='lat' dir='ltr'><strong>primum</strong></span> <span class='ocrx_word' id='word_1_180' title='bbox 419 2197 558 2258; x_wconf 85' lang='lat' dir='ltr'><strong>tractare</strong></span> <span class='ocrx_word' id='word_1_181' title='bbox 582 2195 756 2259; x_wconf 80' lang='lat' dir='ltr'><strong>conamur?</strong></span> <span class='ocrx_word' id='word_1_182' title='bbox 809 2193 858 2258; x_wconf 80' lang='lat' dir='ltr'><strong>&#39;lu</strong></span> <span class='ocrx_word' id='word_1_183' title='bbox 887 2217 977 2280; x_wconf 87' lang='lat' dir='ltr'><strong>vere,</strong></span> <span class='ocrx_word' id='word_1_184' title='bbox 1008 2197 1151 2282; x_wconf 89' lang='lat' dir='ltr'><strong>inquam,</strong></span> 
     </span>
     <span class='ocr_line' id='line_1_25' title="bbox 141 2281 1150 2365; baseline 0.003 -19"><span class='ocrx_word' id='word_1_185' title='bbox 141 2281 260 2365; x_wconf 86' lang='lat' dir='ltr'><strong>Varro,</strong></span> <span class='ocrx_word' id='word_1_186' title='bbox 283 2282 363 2346; x_wconf 87' lang='lat' dir='ltr'><strong>benc</strong></span> <span class='ocrx_word' id='word_1_187' title='bbox 382 2281 480 2346; x_wconf 87' lang='lat' dir='ltr'><strong>etiam</strong></span> <span class='ocrx_word' id='word_1_188' title='bbox 498 2283 670 2346; x_wconf 83' lang='lat' dir='ltr'><strong>meriturus</strong></span> <span class='ocrx_word' id='word_1_189' title='bbox 689 2282 768 2346; x_wconf 90' lang='lat' dir='ltr'><strong>mihi</strong></span> <span class='ocrx_word' id='word_1_190' title='bbox 785 2283 904 2347; x_wconf 79' lang='lat' dir='ltr'><strong>videris</strong></span> <span class='ocrx_word' id='word_1_191' title='bbox 928 2284 966 2347; x_wconf 88' lang='lat' dir='ltr'><strong>de</strong></span> <span class='ocrx_word' id='word_1_192' title='bbox 988 2284 1055 2349; x_wconf 89' lang='lat' dir='ltr'><strong>tuis</strong></span> <span class='ocrx_word' id='word_1_193' title='bbox 1074 2286 1150 2349; x_wconf 86' lang='lat' dir='ltr'><strong>civi-</strong></span> 
     </span>
     <span class='ocr_line' id='line_1_26' title="bbox 142 2371 1150 2457; baseline 0.002 -23"><span class='ocrx_word' id='word_1_194' title='bbox 142 2371 217 2454; x_wconf 92' lang='lat' dir='ltr'><strong>bus,</strong></span> <span class='ocrx_word' id='word_1_195' title='bbox 242 2371 269 2434; x_wconf 89' lang='lat' dir='ltr'><strong>si</strong></span> <span class='ocrx_word' id='word_1_196' title='bbox 288 2391 343 2435; x_wconf 89' lang='lat' dir='ltr'><strong>eos</strong></span> <span class='ocrx_word' id='word_1_197' title='bbox 362 2391 428 2435; x_wconf 91' lang='lat' dir='ltr'><strong>non</strong></span> <span class='ocrx_word' id='word_1_198' title='bbox 446 2371 542 2435; x_wconf 88' lang='lat' dir='ltr'><strong>modo</strong></span> <span class='ocrx_word' id='word_1_199' title='bbox 565 2371 659 2455; x_wconf 87' lang='lat' dir='ltr'><strong>copia</strong></span> <span class='ocrx_word' id='word_1_200' title='bbox 676 2392 784 2435; x_wconf 84' lang='lat' dir='ltr'><strong>rerum</strong></span> <span class='ocrx_word' id='word_1_201' title='bbox 803 2371 943 2455; x_wconf 83' lang='lat' dir='ltr'><strong>auxeris,</strong></span> <span class='ocrx_word' id='word_1_202' title='bbox 966 2373 1015 2437; x_wconf 89' lang='lat' dir='ltr'><strong>uti</strong></span> <span class='ocrx_word' id='word_1_203' title='bbox 1032 2372 1150 2457; x_wconf 86' lang='lat' dir='ltr'><strong>fecisti,</strong></span> 
     </span>
     <span class='ocr_line' id='line_1_27' title="bbox 142 2457 1188 2544; baseline 0.002 -21"><span class='ocrx_word' id='word_1_204' title='bbox 142 2458 198 2524; x_wconf 88' lang='lat' dir='ltr'><strong>sed</strong></span> <span class='ocrx_word' id='word_1_205' title='bbox 222 2458 319 2523; x_wconf 88' lang='lat' dir='ltr'><strong>etiam</strong></span> <span class='ocrx_word' id='word_1_206' title='bbox 343 2459 522 2524; x_wconf 84' lang='lat' dir='ltr'><strong>verborum.</strong></span> <span class='ocrx_word' id='word_1_207' title='bbox 567 2457 765 2523; x_wconf 85' lang='lat' dir='ltr'><strong>Au&#39;debimus</strong></span> <span class='ocrx_word' id='word_1_208' title='bbox 789 2479 880 2543; x_wconf 85' lang='lat' dir='ltr'><strong>crgo,</strong></span> <span class='ocrx_word' id='word_1_209' title='bbox 909 2460 1027 2544; x_wconf 87' lang='lat' dir='ltr'><strong>inquit,</strong></span> <span class='ocrx_word' id='word_1_210' title='bbox 1054 2462 1149 2527; x_wconf 80' lang='lat' dir='ltr'><strong>novis</strong></span> <span class='ocrx_word' id='word_1_211' title='bbox 1163 2485 1188 2525; x_wconf 78' lang='lat' dir='ltr'><strong>as</strong></span> 
     </span>
     <span class='ocr_line' id='line_1_28' title="bbox 141 2547 1151 2633; baseline 0.003 -22"><span class='ocrx_word' id='word_1_212' title='bbox 141 2547 248 2612; x_wconf 85' lang='lat' dir='ltr'><strong>verbis</strong></span> <span class='ocrx_word' id='word_1_213' title='bbox 276 2547 324 2611; x_wconf 88' lang='lat' dir='ltr'><strong>uti</strong></span> <span class='ocrx_word' id='word_1_214' title='bbox 353 2551 386 2610; x_wconf 85' lang='lat' dir='ltr'><strong>to</strong></span> <span class='ocrx_word' id='word_1_215' title='bbox 417 2551 559 2631; x_wconf 88' lang='lat' dir='ltr'><strong>auctore,</strong></span> <span class='ocrx_word' id='word_1_216' title='bbox 588 2547 614 2612; x_wconf 88' lang='lat' dir='ltr'><strong>si</strong></span> <span class='ocrx_word' id='word_1_217' title='bbox 637 2568 767 2611; x_wconf 86' lang='lat' dir='ltr'><strong>necesse</strong></span> <span class='ocrx_word' id='word_1_218' title='bbox 790 2547 860 2611; x_wconf 84' lang='lat' dir='ltr'><strong>erit.</strong></span> <span class='ocrx_word' id='word_1_219' title='bbox 904 2547 1027 2612; x_wconf 81' lang='lat' dir='ltr'><strong>Earum</strong></span> <span class='ocrx_word' id='word_1_220' title='bbox 1049 2549 1151 2633; x_wconf 83' lang='lat' dir='ltr'><strong>igitur</strong></span> 
     </span>
     <span class='ocr_line' id='line_1_29' title="bbox 143 2634 1234 2719; baseline 0.003 -20"><span class='ocrx_word' id='word_1_221' title='bbox 143 2635 334 2719; x_wconf 88' lang='lat' dir='ltr'><strong>qualitatum</strong></span> <span class='ocrx_word' id='word_1_222' title='bbox 367 2640 443 2701; x_wconf 90' lang='lat' dir='ltr'><strong>sunt</strong></span> <span class='ocrx_word' id='word_1_223' title='bbox 474 2635 558 2700; x_wconf 90' lang='lat' dir='ltr'><strong>aliae</strong></span> <span class='ocrx_word' id='word_1_224' title='bbox 590 2635 764 2717; x_wconf 85' lang='lat' dir='ltr'><strong>principes,</strong></span> <span class='ocrx_word' id='word_1_225' title='bbox 797 2634 879 2698; x_wconf 85' lang='lat' dir='ltr'><strong>aliae</strong></span> <span class='ocrx_word' id='word_1_226' title='bbox 911 2657 949 2699; x_wconf 86' lang='lat' dir='ltr'><strong>ex</strong></span> <span class='ocrx_word' id='word_1_227' title='bbox 980 2636 1020 2700; x_wconf 87' lang='lat' dir='ltr'><strong>iis</strong></span> <span class='ocrx_word' id='word_1_228' title='bbox 1049 2641 1149 2702; x_wconf 86' lang='lat' dir='ltr'><strong>ortae.</strong></span> <span class='ocrx_word' id='word_1_229' title='bbox 1233 2653 1234 2658; x_wconf 75' lang='grc'>’</span> 
     </span>
     <span class='ocr_line' id='line_1_30' title="bbox 142 2721 1149 2807; baseline 0.002 -19"><span class='ocrx_word' id='word_1_230' title='bbox 142 2723 308 2807; x_wconf 80' lang='lat' dir='ltr'><strong>Principes</strong></span> <span class='ocrx_word' id='word_1_231' title='bbox 332 2727 408 2787; x_wconf 87' lang='lat' dir='ltr'><strong>sunt</strong></span> <span class='ocrx_word' id='word_1_232' title='bbox 429 2724 524 2786; x_wconf 87' lang='lat' dir='ltr'><strong>unius</strong></span> <span class='ocrx_word' id='word_1_233' title='bbox 547 2721 636 2786; x_wconf 86' lang='lat' dir='ltr'><strong>modi</strong></span> <span class='ocrx_word' id='word_1_234' title='bbox 659 2725 692 2785; x_wconf 88' lang='lat' dir='ltr'><strong>et</strong></span> <span class='ocrx_word' id='word_1_235' title='bbox 714 2722 889 2806; x_wconf 84' lang='lat' dir='ltr'><strong>simplices3</strong></span> <span class='ocrx_word' id='word_1_236' title='bbox 917 2745 955 2788; x_wconf 87' lang='lat' dir='ltr'><strong>ex</strong></span> <span class='ocrx_word' id='word_1_237' title='bbox 977 2723 1018 2788; x_wconf 88' lang='lat' dir='ltr'><strong>iis</strong></span> <span class='ocrx_word' id='word_1_238' title='bbox 1042 2727 1149 2790; x_wconf 86' lang='lat' dir='ltr'><strong>a&#39;utem</strong></span> 
     </span>
     <span class='ocr_line' id='line_1_31' title="bbox 142 2809 1234 2900; baseline 0.005 -26"><span class='ocrx_word' id='word_1_239' title='bbox 142 2811 252 2876; x_wconf 86' lang='lat' dir='ltr'><strong>variae</strong></span> <span class='ocrx_word' id='word_1_240' title='bbox 283 2813 372 2874; x_wconf 89' lang='lat' dir='ltr'><strong>ortae</strong></span> <span class='ocrx_word' id='word_1_241' title='bbox 401 2814 475 2894; x_wconf 87' lang='lat' dir='ltr'><strong>sunt</strong></span> <span class='ocrx_word' id='word_1_242' title='bbox 505 2813 538 2873; x_wconf 87' lang='lat' dir='ltr'><strong>ct</strong></span> <span class='ocrx_word' id='word_1_243' title='bbox 564 2809 655 2893; x_wconf 89' lang='lat' dir='ltr'><strong>quasi</strong></span> <span class='ocrx_word' id='word_1_244' title='bbox 664 2843 676 2857; x_wconf 83' lang='lat'><strong>=·</strong></span> <span class='ocrx_word' id='word_1_245' title='bbox 685 2809 908 2875; x_wconf 85' lang='lat' dir='ltr'><strong>multiformes.</strong></span> <span class='ocrx_word' id='word_1_246' title='bbox 957 2811 1071 2900; x_wconf 86' lang='lat' dir='ltr'><strong>Itaque</strong></span> <span class='ocrx_word' id='word_1_247' title='bbox 1096 2819 1150 2878; x_wconf 66' lang='lat' dir='ltr'><strong>aer</strong></span> <span class='ocrx_word' id='word_1_248' title='bbox 1233 2817 1234 2850; x_wconf 58' lang='lat'>³</span> 
     </span>
     <span class='ocr_line' id='line_1_32' title="bbox 142 2897 1186 2986; baseline 0.005 -24"><span class='ocrx_word' id='word_1_249' title='bbox 142 2898 219 2982; x_wconf 91' lang='lat' dir='ltr'><strong>(hoc</strong></span> <span class='ocrx_word' id='word_1_250' title='bbox 246 2919 372 2981; x_wconf 89' lang='lat' dir='ltr'><strong>quoque</strong></span> <span class='ocrx_word' id='word_1_251' title='bbox 401 2899 487 2961; x_wconf 87' lang='lat' dir='ltr'><strong>enim</strong></span> <span class='ocrx_word' id='word_1_252' title='bbox 514 2898 635 2961; x_wconf 85' lang='lat' dir='ltr'><strong>utimur</strong></span> <span class='ocrx_word' id='word_1_253' title='bbox 662 2898 727 2961; x_wconf 80' lang='lat' dir='ltr'><strong>iam</strong></span> <span class='ocrx_word' id='word_1_254' title='bbox 752 2919 812 2981; x_wconf 89' lang='lat' dir='ltr'><strong>pro</strong></span> <span class='ocrx_word' id='word_1_255' title='bbox 840 2897 971 2985; x_wconf 87' lang='lat' dir='ltr'><strong>Latino)</strong></span> <span class='ocrx_word' id='word_1_256' title='bbox 1001 2906 1033 2965; x_wconf 88' lang='lat' dir='ltr'><strong>et</strong></span> <span class='ocrx_word' id='word_1_257' title='bbox 1060 2902 1186 2986; x_wconf 76' lang='lat' dir='ltr'><strong>igniaco</strong></span> 
     </span>
     <span class='ocr_line' id='line_1_33' title="bbox 142 2985 1149 3070; baseline 0.005 -20"><span class='ocrx_word' id='word_1_258' title='bbox 142 2991 176 3050; x_wconf 86' lang='lat' dir='ltr'><strong>et</strong></span> <span class='ocrx_word' id='word_1_259' title='bbox 211 3008 294 3069; x_wconf 87' lang='lat' dir='ltr'><strong>aqua</strong></span> <span class='ocrx_word' id='word_1_260' title='bbox 326 2989 360 3049; x_wconf 91' lang='lat' dir='ltr'><strong>et</strong></span> <span class='ocrx_word' id='word_1_261' title='bbox 395 2988 481 3049; x_wconf 85' lang='lat' dir='ltr'><strong>terra</strong></span> <span class='ocrx_word' id='word_1_262' title='bbox 512 2985 617 3070; x_wconf 88' lang='lat' dir='ltr'><strong>pri-ma</strong></span> <span class='ocrx_word' id='word_1_263' title='bbox 649 2988 735 3070; x_wconf 83' lang='lat' dir='ltr'><strong>sunt3</strong></span> <span class='ocrx_word' id='word_1_264' title='bbox 775 3008 813 3050; x_wconf 86' lang='lat' dir='ltr'><strong>ex</strong></span> <span class='ocrx_word' id='word_1_265' title='bbox 844 2987 885 3052; x_wconf 90' lang='lat' dir='ltr'><strong>ils</strong></span> <span class='ocrx_word' id='word_1_266' title='bbox 919 2992 1026 3052; x_wconf 89' lang='lat' dir='ltr'><strong>autem</strong></span> <span class='ocrx_word' id='word_1_267' title='bbox 1058 2995 1149 3056; x_wconf 86' lang='lat' dir='ltr'><strong>ortae</strong></span> 
     </span>
     <span class='ocr_line' id='line_1_34' title="bbox 143 3073 1149 3162; baseline 0.005 -24"><span class='ocrx_word' id='word_1_268' title='bbox 143 3073 357 3139; x_wconf 90' lang='lat' dir='ltr'><strong>animantium</strong></span> <span class='ocrx_word' id='word_1_269' title='bbox 379 3073 503 3138; x_wconf 82' lang='lat' dir='ltr'><strong>formae</strong></span> <span class='ocrx_word' id='word_1_270' title='bbox 527 3095 700 3158; x_wconf 87' lang='lat' dir='ltr'><strong>earumque</strong></span> <span class='ocrx_word' id='word_1_271' title='bbox 722 3095 843 3158; x_wconf 87' lang='lat' dir='ltr'><strong>rerum,</strong></span> <span class='ocrx_word' id='word_1_272' title='bbox 867 3097 948 3158; x_wconf 90' lang='lat' dir='ltr'><strong>quae</strong></span> <span class='ocrx_word' id='word_1_273' title='bbox 971 3077 1149 3162; x_wconf 83' lang='lat' dir='ltr'><strong>gignuntur</strong></span> 
     </span>
     <span class='ocr_line' id='line_1_35' title="bbox 143 3160 1147 3248; baseline 0.002 -20"><span class='ocrx_word' id='word_1_274' title='bbox 143 3165 273 3228; x_wconf 88' lang='lat' dir='ltr'><strong>eterra.</strong></span> <span class='ocrx_word' id='word_1_275' title='bbox 308 3160 397 3246; x_wconf 80' lang='lat' dir='ltr'><strong>Ergo</strong></span> <span class='ocrx_word' id='word_1_276' title='bbox 415 3162 474 3226; x_wconf 92' lang='lat' dir='ltr'><strong>illa</strong></span> <span class='ocrx_word' id='word_1_277' title='bbox 490 3161 584 3225; x_wconf 86' lang='lat' dir='ltr'><strong>initia</strong></span> <span class='ocrx_word' id='word_1_278' title='bbox 606 3164 652 3244; x_wconf 91' lang='lat' dir='ltr'><strong>ct,</strong></span> <span class='ocrx_word' id='word_1_279' title='bbox 673 3164 712 3226; x_wconf 86' lang='lat' dir='ltr'><strong>ut</strong></span> <span class='ocrx_word' id='word_1_280' title='bbox 733 3183 751 3225; x_wconf 86' lang='lat' dir='ltr'><strong>e</strong></span> <span class='ocrx_word' id='word_1_281' title='bbox 775 3160 897 3227; x_wconf 83' lang='lat' dir='ltr'><strong>Graeco</strong></span> <span class='ocrx_word' id='word_1_282' title='bbox 920 3169 1054 3248; x_wconf 87' lang='lat' dir='ltr'><strong>vertam,</strong></span> <span class='ocrx_word' id='word_1_283' title='bbox 1074 3167 1147 3231; x_wconf 88' lang='lat' dir='ltr'><strong>ele-</strong></span> 
     </span>
     <span class='ocr_line' id='line_1_36' title="bbox 141 3248 1148 3335; baseline 0.006 -21"><span class='ocrx_word' id='word_1_284' title='bbox 141 3252 271 3315; x_wconf 88' lang='lat' dir='ltr'><strong>menta</strong></span> <span class='ocrx_word' id='word_1_285' title='bbox 294 3248 456 3332; x_wconf 77' lang='lat' dir='ltr'><strong>dicuntur3</strong></span> <span class='ocrx_word' id='word_1_286' title='bbox 485 3271 502 3313; x_wconf 91' lang='lat' dir='ltr'><strong>e</strong></span> <span class='ocrx_word' id='word_1_287' title='bbox 530 3249 645 3332; x_wconf 90' lang='lat' dir='ltr'><strong>quihus</strong></span> <span class='ocrx_word' id='word_1_288' title='bbox 668 3253 723 3314; x_wconf 69' lang='lat' dir='ltr'><strong>altr</strong></span> <span class='ocrx_word' id='word_1_289' title='bbox 745 3253 779 3314; x_wconf 88' lang='lat' dir='ltr'><strong>et</strong></span> <span class='ocrx_word' id='word_1_290' title='bbox 802 3250 887 3335; x_wconf 82' lang='lat' dir='ltr'><strong>ignis</strong></span> <span class='ocrx_word' id='word_1_291' title='bbox 911 3254 1060 3318; x_wconf 82' lang='lat' dir='ltr'><strong>movendi</strong></span> <span class='ocrx_word' id='word_1_292' title='bbox 1082 3256 1148 3320; x_wconf 84' lang='lat' dir='ltr'><strong>vim</strong></span> 
     </span>
     <span class='ocr_line' id='line_1_37' title="bbox 140 3331 1184 3428; baseline 0.008 -26"><span class='ocrx_word' id='word_1_293' title='bbox 140 3338 264 3402; x_wconf 87' lang='lat' dir='ltr'><strong>habent</strong></span> <span class='ocrx_word' id='word_1_294' title='bbox 282 3340 315 3401; x_wconf 88' lang='lat' dir='ltr'><strong>et</strong></span> <span class='ocrx_word' id='word_1_295' title='bbox 333 3331 503 3418; x_wconf 74' lang='lat' dir='ltr'><strong>efficiendi,</strong></span> <span class='ocrx_word' id='word_1_296' title='bbox 526 3337 650 3422; x_wconf 90' lang='lat' dir='ltr'><strong>reliqua</strong></span> <span class='ocrx_word' id='word_1_297' title='bbox 671 3341 779 3421; x_wconf 85' lang='lat' dir='ltr'><strong>partes</strong></span> <span class='ocrx_word' id='word_1_298' title='bbox 801 3338 977 3422; x_wconf 85' lang='lat' dir='ltr'><strong>accipiendi</strong></span> <span class='ocrx_word' id='word_1_299' title='bbox 1001 3345 1033 3406; x_wconf 86' lang='lat' dir='ltr'><strong>et</strong></span> <span class='ocrx_word' id='word_1_300' title='bbox 1056 3346 1147 3428; x_wconf 89' lang='lat' dir='ltr'><strong>quasi</strong></span> <span class='ocrx_word' id='word_1_301' title='bbox 1161 3370 1184 3411; x_wconf 71' lang='lat' dir='ltr'><strong>aa</strong></span> 
     </span>
     <span class='ocr_line' id='line_1_38' title="bbox 141 3425 1147 3516; baseline 0.009 -28"><span class='ocrx_word' id='word_1_302' title='bbox 141 3425 298 3509; x_wconf 88' lang='lat' dir='ltr'><strong>patiendi,</strong></span> <span class='ocrx_word' id='word_1_303' title='bbox 326 3445 442 3508; x_wconf 90' lang='lat' dir='ltr'><strong>aquam</strong></span> <span class='ocrx_word' id='word_1_304' title='bbox 470 3425 541 3492; x_wconf 89' lang='lat' dir='ltr'><strong>dico</strong></span> <span class='ocrx_word' id='word_1_305' title='bbox 569 3429 602 3488; x_wconf 89' lang='lat' dir='ltr'><strong>et</strong></span> <span class='ocrx_word' id='word_1_306' title='bbox 627 3428 757 3490; x_wconf 87' lang='lat' dir='ltr'><strong>terram.</strong></span> <span class='ocrx_word' id='word_1_307' title='bbox 807 3425 961 3501; x_wconf 80' lang='lat' dir='ltr'><strong>Quintum</strong></span> <span class='ocrx_word' id='word_1_308' title='bbox 986 3448 1102 3516; x_wconf 82' lang='lat' dir='ltr'><strong>genus,</strong></span> <span class='ocrx_word' id='word_1_309' title='bbox 1132 3455 1147 3497; x_wconf 88' lang='lat' dir='ltr'><strong>e</strong></span> 
     </span>
     <span class='ocr_line' id='line_1_39' title="bbox 140 3513 1148 3602; baseline 0.009 -26"><span class='ocrx_word' id='word_1_310' title='bbox 140 3534 205 3596; x_wconf 88' lang='lat' dir='ltr'><strong>quo</strong></span> <span class='ocrx_word' id='word_1_311' title='bbox 225 3515 332 3577; x_wconf 87' lang='lat' dir='ltr'><strong>essent</strong></span> <span class='ocrx_word' id='word_1_312' title='bbox 354 3516 444 3578; x_wconf 84' lang='lat' dir='ltr'><strong>astra</strong></span> <span class='ocrx_word' id='word_1_313' title='bbox 466 3516 662 3597; x_wconf 87' lang='lat' dir='ltr'><strong>mentesque,</strong></span> <span class='ocrx_word' id='word_1_314' title='bbox 683 3513 846 3598; x_wconf 85' lang='lat' dir='ltr'><strong>singulare</strong></span> <span class='ocrx_word' id='word_1_315' title='bbox 864 3535 1038 3600; x_wconf 84' lang='lat' dir='ltr'><strong>eorumque</strong></span> <span class='ocrx_word' id='word_1_316' title='bbox 1057 3525 1148 3602; x_wconf 85' lang='lat' dir='ltr'><strong>quat·</strong></span> 
     </span>
    </p>
   </div>
   <div class='ocr_carea' id='block_1_3' title="bbox 0 0 1241 3962">
    <p class='ocr_par' dir='ltr' id='par_1_7' title="bbox 0 0 1241 3962">
     <span class='ocr_line' id='line_1_40' title="bbox 0 0 1241 3962; baseline 0 0"><span class='ocrx_word' id='word_1_317' title='bbox 0 0 1241 3962; x_wconf 95' lang='lat' dir='ltr'><strong> </strong></span> 
     </span>
    </p>
   </div>
  </div>
 </body>
</html>
