<?xml version="1.0" encoding="UTF-8"?>
<!DOCTYPE html PUBLIC "-//W3C//DTD XHTML 1.0 Transitional//EN"
    "http://www.w3.org/TR/xhtml1/DTD/xhtml1-transitional.dtd">
<html xmlns="http://www.w3.org/1999/xhtml" xml:lang="en" lang="en">
 <head>
  <title>
</title>
<meta http-equiv="Content-Type" content="text/html;charset=utf-8" />
  <meta name='ocr-system' content='tesseract 3.04.00' />
  <meta name='ocr-capabilities' content='ocr_page ocr_carea ocr_par ocr_line ocrx_word'/>
</head>
<body>
  <div class='ocr_page' id='page_1' title='image "./scriptaquaemans00unkngoog_0132.png"; bbox 0 0 2552 3966; ppageno 0'>
   <div class='ocr_carea' id='block_1_1' title="bbox 303 210 1101 278">
    <p class='ocr_par' dir='ltr' id='par_1_1' title="bbox 303 210 1101 278">
     <span class='ocr_line' id='line_1_1' title="bbox 303 210 1101 278; baseline 0.004 -12"><span class='ocrx_word' id='word_1_1' title='bbox 303 211 370 266; x_wconf 76' lang='grc' dir='ltr'>ΙᾸΒ.</span> <span class='ocrx_word' id='word_1_2' title='bbox 389 212 423 266; x_wconf 89' lang='grc' dir='ltr'>Π.</span> <span class='ocrx_word' id='word_1_3' title='bbox 452 210 530 268; x_wconf 78' lang='grc' dir='ltr'><strong>ΟΑΡ.</strong></span> <span class='ocrx_word' id='word_1_4' title='bbox 549 218 664 268; x_wconf 82' lang='grc'>41-43,</span> <span class='ocrx_word' id='word_1_5' title='bbox 693 217 708 278; x_wconf 68' lang='grc'>5</span> <span class='ocrx_word' id='word_1_6' title='bbox 732 218 878 268; x_wconf 76' lang='lat' dir='ltr'>ras-133.</span> <span class='ocrx_word' id='word_1_7' title='bbox 1059 213 1101 278; x_wconf 79' lang='grc'>79</span> 
     </span>
    </p>
   </div>
   <div class='ocr_carea' id='block_1_2' title="bbox 19 371 1159 3634">
    <p class='ocr_par' dir='ltr' id='par_1_2' title="bbox 19 371 1103 722">
     <span class='ocr_line' id='line_1_2' title="bbox 19 371 1103 459; baseline 0.002 -21"><span class='ocrx_word' id='word_1_8' title='bbox 19 375 21 388; x_wconf 84' lang='grc'>’</span> <span class='ocrx_word' id='word_1_9' title='bbox 91 373 163 438; x_wconf 86' lang='lat' dir='ltr'>finis</span> <span class='ocrx_word' id='word_1_10' title='bbox 187 394 257 438; x_wconf 87' lang='lat' dir='ltr'>esse</span> <span class='ocrx_word' id='word_1_11' title='bbox 284 371 434 457; x_wconf 77' lang='lat' dir='ltr'>Callipho</span> <span class='ocrx_word' id='word_1_12' title='bbox 459 373 596 459; x_wconf 89' lang='lat' dir='ltr'>censuit,</span> <span class='ocrx_word' id='word_1_13' title='bbox 619 396 734 440; x_wconf 85' lang='lat' dir='ltr'>vacare</span> <span class='ocrx_word' id='word_1_14' title='bbox 753 376 841 441; x_wconf 93' lang='lat' dir='ltr'>omni</span> <span class='ocrx_word' id='word_1_15' title='bbox 859 377 1008 440; x_wconf 88' lang='lat' dir='ltr'>molestia</span> <span class='ocrx_word' id='word_1_16' title='bbox 1026 374 1103 440; x_wconf 91' lang='lat' dir='ltr'>Hie-</span> 
     </span>
     <span class='ocr_line' id='line_1_3' title="bbox 91 460 1100 546; baseline 0.004 -21"><span class='ocrx_word' id='word_1_17' title='bbox 91 483 259 544; x_wconf 78' lang='lat' dir='ltr'>ronymus,</span> <span class='ocrx_word' id='word_1_18' title='bbox 290 460 353 526; x_wconf 91' lang='lat' dir='ltr'>hoc</span> <span class='ocrx_word' id='word_1_19' title='bbox 384 461 470 526; x_wconf 91' lang='lat' dir='ltr'>idem</span> <span class='ocrx_word' id='word_1_20' title='bbox 497 483 569 527; x_wconf 89' lang='lat' dir='ltr'>cum</span> <span class='ocrx_word' id='word_1_21' title='bbox 597 461 768 529; x_wconf 87' lang='lat' dir='ltr'>honestate</span> <span class='ocrx_word' id='word_1_22' title='bbox 795 463 970 546; x_wconf 90' lang='lat' dir='ltr'>Diodorus,</span> <span class='ocrx_word' id='word_1_23' title='bbox 1003 465 1100 529; x_wconf 91' lang='lat' dir='ltr'>ambo</span> 
     </span>
     <span class='ocr_line' id='line_1_4' title="bbox 91 549 1101 633; baseline 0.003 -20"><span class='ocrx_word' id='word_1_24' title='bbox 91 549 126 613; x_wconf 92' lang='lat' dir='ltr'>hi</span> <span class='ocrx_word' id='word_1_25' title='bbox 151 549 378 633; x_wconf 79' lang='lat' dir='ltr'>Peripatetici3</span> <span class='ocrx_word' id='word_1_26' title='bbox 411 549 546 614; x_wconf 88' lang='lat' dir='ltr'>honeste</span> <span class='ocrx_word' id='word_1_27' title='bbox 570 554 677 616; x_wconf 88' lang='lat' dir='ltr'>autem</span> <span class='ocrx_word' id='word_1_28' title='bbox 700 552 808 618; x_wconf 85' lang='lat' dir='ltr'>vivere</span> <span class='ocrx_word' id='word_1_29' title='bbox 827 552 986 616; x_wconf 77' lang='lat' dir='ltr'><strong>fruentem</strong></span> <span class='ocrx_word' id='word_1_30' title='bbox 1005 552 1101 616; x_wconf 87' lang='lat' dir='ltr'>rebus</span> 
     </span>
     <span class='ocr_line' id='line_1_5' title="bbox 90 636 1100 722; baseline 0.003 -21"><span class='ocrx_word' id='word_1_31' title='bbox 90 637 140 722; x_wconf 91' lang='lat' dir='ltr'>iis,</span> <span class='ocrx_word' id='word_1_32' title='bbox 163 659 244 720; x_wconf 85' lang='lat' dir='ltr'>quas</span> <span class='ocrx_word' id='word_1_33' title='bbox 264 637 387 721; x_wconf 88' lang='lat' dir='ltr'>primas</span> <span class='ocrx_word' id='word_1_34' title='bbox 410 636 535 702; x_wconf 90' lang='lat' dir='ltr'>homini</span> <span class='ocrx_word' id='word_1_35' title='bbox 552 643 670 704; x_wconf 90' lang='lat' dir='ltr'>natura</span> <span class='ocrx_word' id='word_1_36' title='bbox 684 639 842 721; x_wconf 73' lang='lat' dir='ltr'>conciliet,</span> <span class='ocrx_word' id='word_1_37' title='bbox 866 643 898 704; x_wconf 93' lang='lat' dir='ltr'>et</span> <span class='ocrx_word' id='word_1_38' title='bbox 912 643 1004 704; x_wconf 85' lang='lat' dir='ltr'>vetus</span> <span class='ocrx_word' id='word_1_39' title='bbox 1018 639 1100 704; x_wconf 90' lang='lat' dir='ltr'>Aca-</span> 
     </span>
    </p>

    <p class='ocr_par' dir='ltr' id='par_1_3' title="bbox 65 725 1103 1166">
     <span class='ocr_line' id='line_1_6' title="bbox 65 725 1103 812; baseline 0.001 -21"><span class='ocrx_word' id='word_1_40' title='bbox 65 725 199 792; x_wconf 78' lang='lat' dir='ltr'>sdemia</span> <span class='ocrx_word' id='word_1_41' title='bbox 222 725 361 809; x_wconf 87' lang='lat' dir='ltr'>censuit,</span> <span class='ocrx_word' id='word_1_42' title='bbox 392 728 429 789; x_wconf 90' lang='lat' dir='ltr'>ut</span> <span class='ocrx_word' id='word_1_43' title='bbox 455 725 601 791; x_wconf 89' lang='lat' dir='ltr'>indicant</span> <span class='ocrx_word' id='word_1_44' title='bbox 628 727 751 810; x_wconf 88' lang='lat' dir='ltr'>scripta</span> <span class='ocrx_word' id='word_1_45' title='bbox 777 728 974 811; x_wconf 86' lang='lat' dir='ltr'>Polemonis,</span> <span class='ocrx_word' id='word_1_46' title='bbox 1006 749 1103 812; x_wconf 90' lang='lat' dir='ltr'>quem</span> 
     </span>
     <span class='ocr_line' id='line_1_7' title="bbox 91 813 1103 901; baseline 0.002 -23"><span class='ocrx_word' id='word_1_47' title='bbox 91 813 275 886; x_wconf 81' lang='lat' dir='ltr'>Antiochus</span> <span class='ocrx_word' id='word_1_48' title='bbox 297 814 418 898; x_wconf 88' lang='lat' dir='ltr'>probat</span> <span class='ocrx_word' id='word_1_49' title='bbox 430 814 580 899; x_wconf 85' lang='lat' dir='ltr'>maxime,</span> <span class='ocrx_word' id='word_1_50' title='bbox 603 819 636 880; x_wconf 87' lang='lat' dir='ltr'>ct</span> <span class='ocrx_word' id='word_1_51' title='bbox 650 815 843 882; x_wconf 88' lang='lat' dir='ltr'>Aristoteles</span> <span class='ocrx_word' id='word_1_52' title='bbox 858 815 989 901; x_wconf 86' lang='lat' dir='ltr'>eiusque</span> <span class='ocrx_word' id='word_1_53' title='bbox 1004 815 1103 880; x_wconf 89' lang='lat' dir='ltr'>amici</span> 
     </span>
     <span class='ocr_line' id='line_1_8' title="bbox 90 901 1102 986; baseline 0.002 -20"><span class='ocrx_word' id='word_1_54' title='bbox 90 902 155 968; x_wconf 89' lang='lat' dir='ltr'>huc</span> <span class='ocrx_word' id='word_1_55' title='bbox 185 901 332 986; x_wconf 84' lang='lat' dir='ltr'>proxime</span> <span class='ocrx_word' id='word_1_56' title='bbox 359 901 510 967; x_wconf 82' lang='lat' dir='ltr'>videntur</span> <span class='ocrx_word' id='word_1_57' title='bbox 543 904 699 969; x_wconf 88' lang='lat' dir='ltr'>accedere.</span> <span class='ocrx_word' id='word_1_58' title='bbox 744 905 975 971; x_wconf 88' lang='lat' dir='ltr'>Introducebat</span> <span class='ocrx_word' id='word_1_59' title='bbox 1002 903 1102 969; x_wconf 89' lang='lat' dir='ltr'>etiam</span> 
     </span>
     <span class='ocr_line' id='line_1_9' title="bbox 92 989 1103 1078; baseline -0.003 -20"><span class='ocrx_word' id='word_1_60' title='bbox 92 989 285 1074; x_wconf 77' lang='lat' dir='ltr'>Carneades,</span> <span class='ocrx_word' id='word_1_61' title='bbox 307 1012 375 1056; x_wconf 93' lang='lat' dir='ltr'>non</span> <span class='ocrx_word' id='word_1_62' title='bbox 389 1011 452 1076; x_wconf 93' lang='lat' dir='ltr'>quo</span> <span class='ocrx_word' id='word_1_63' title='bbox 474 991 637 1076; x_wconf 87' lang='lat' dir='ltr'>probaret,</span> <span class='ocrx_word' id='word_1_64' title='bbox 659 991 715 1056; x_wconf 90' lang='lat' dir='ltr'>sed</span> <span class='ocrx_word' id='word_1_65' title='bbox 732 997 770 1058; x_wconf 93' lang='lat' dir='ltr'>ut</span> <span class='ocrx_word' id='word_1_66' title='bbox 783 995 961 1078; x_wconf 87' lang='lat' dir='ltr'>opponeret</span> <span class='ocrx_word' id='word_1_67' title='bbox 975 990 1103 1076; x_wconf 86' lang='lat' dir='ltr'>Stoicis,</span> 
     </span>
     <span class='ocr_line' id='line_1_10' title="bbox 93 1079 1102 1166; baseline 0 -22"><span class='ocrx_word' id='word_1_68' title='bbox 93 1101 256 1144; x_wconf 88' lang='lat' dir='ltr'>summum</span> <span class='ocrx_word' id='word_1_69' title='bbox 277 1079 400 1144; x_wconf 91' lang='lat' dir='ltr'>bonum</span> <span class='ocrx_word' id='word_1_70' title='bbox 422 1100 491 1143; x_wconf 88' lang='lat' dir='ltr'>esse</span> <span class='ocrx_word' id='word_1_71' title='bbox 514 1079 579 1144; x_wconf 80' lang='lat' dir='ltr'>frui</span> <span class='ocrx_word' id='word_1_72' title='bbox 601 1079 696 1144; x_wconf 90' lang='lat' dir='ltr'>rebus</span> <span class='ocrx_word' id='word_1_73' title='bbox 720 1080 770 1166; x_wconf 89' lang='lat' dir='ltr'>iis,</span> <span class='ocrx_word' id='word_1_74' title='bbox 793 1103 873 1165; x_wconf 90' lang='lat' dir='ltr'>quas</span> <span class='ocrx_word' id='word_1_75' title='bbox 896 1081 1019 1166; x_wconf 90' lang='lat' dir='ltr'>primas</span> <span class='ocrx_word' id='word_1_76' title='bbox 1043 1102 1102 1144; x_wconf 88' lang='lat' dir='ltr'>na-</span> 
     </span>
    </p>

    <p class='ocr_par' dir='ltr' id='par_1_4' title="bbox 54 1166 1157 1446">
     <span class='ocr_line' id='line_1_11' title="bbox 54 1166 1101 1255; baseline 0.001 -23"><span class='ocrx_word' id='word_1_77' title='bbox 54 1193 78 1234; x_wconf 87' lang='lat'>10</span> <span class='ocrx_word' id='word_1_78' title='bbox 92 1172 168 1232; x_wconf 86' lang='lat' dir='ltr'>tura</span> <span class='ocrx_word' id='word_1_79' title='bbox 190 1166 438 1232; x_wconf 87' lang='lat' dir='ltr'>conciliavisset.</span> <span class='ocrx_word' id='word_1_80' title='bbox 483 1167 628 1232; x_wconf 80' lang='lat' dir='ltr'>Honeste</span> <span class='ocrx_word' id='word_1_81' title='bbox 652 1172 759 1234; x_wconf 90' lang='lat' dir='ltr'>autem</span> <span class='ocrx_word' id='word_1_82' title='bbox 782 1169 903 1254; x_wconf 84' lang='lat' dir='ltr'>vivere,</span> <span class='ocrx_word' id='word_1_83' title='bbox 932 1167 1019 1255; x_wconf 91' lang='lat' dir='ltr'>quod</span> <span class='ocrx_word' id='word_1_84' title='bbox 1046 1169 1101 1233; x_wconf 93' lang='lat' dir='ltr'>du·</span> 
     </span>
     <span class='ocr_line' id='line_1_12' title="bbox 96 1254 1102 1342; baseline 0.001 -20"><span class='ocrx_word' id='word_1_85' title='bbox 96 1260 189 1322; x_wconf 87' lang='lat' dir='ltr'>catur</span> <span class='ocrx_word' id='word_1_86' title='bbox 225 1277 246 1320; x_wconf 88' lang='lat' dir='ltr'>a</span> <span class='ocrx_word' id='word_1_87' title='bbox 282 1254 518 1320; x_wconf 67' lang='lat' dir='ltr'>conciliatione</span> <span class='ocrx_word' id='word_1_88' title='bbox 543 1260 693 1342; x_wconf 87' lang='lat' dir='ltr'>naturae,</span> <span class='ocrx_word' id='word_1_89' title='bbox 729 1255 816 1323; x_wconf 86' lang='lat' dir='ltr'>Zeno</span> <span class='ocrx_word' id='word_1_90' title='bbox 853 1258 968 1324; x_wconf 88' lang='lat' dir='ltr'>statuit</span> <span class='ocrx_word' id='word_1_91' title='bbox 996 1259 1102 1330; x_wconf 70' lang='lat' dir='ltr'>¹finem</span> 
     </span>
     <span class='ocr_line' id='line_1_13' title="bbox 95 1343 1157 1446; baseline -0.001 -36"><span class='ocrx_word' id='word_1_92' title='bbox 95 1365 167 1410; x_wconf 88' lang='lat' dir='ltr'>esse</span> <span class='ocrx_word' id='word_1_93' title='bbox 188 1344 355 1426; x_wconf 88' lang='lat' dir='ltr'>bonorum,</span> <span class='ocrx_word' id='word_1_94' title='bbox 378 1343 434 1429; x_wconf 92' lang='lat' dir='ltr'>qui</span> <span class='ocrx_word' id='word_1_95' title='bbox 456 1344 606 1410; x_wconf 86' lang='lat' dir='ltr'>inventor</span> <span class='ocrx_word' id='word_1_96' title='bbox 618 1349 651 1409; x_wconf 88' lang='lat' dir='ltr'>et</span> <span class='ocrx_word' id='word_1_97' title='bbox 668 1345 816 1430; x_wconf 91' lang='lat' dir='ltr'>princeps</span> <span class='ocrx_word' id='word_1_98' title='bbox 831 1345 1013 1412; x_wconf 80' lang='lat' dir='ltr'>Stoicorum</span> <span class='ocrx_word' id='word_1_99' title='bbox 1031 1346 1102 1410; x_wconf 89' lang='lat' dir='ltr'>fuit.</span> <span class='ocrx_word' id='word_1_100' title='bbox 1112 1383 1157 1446; x_wconf 82' lang='lat'>43</span> 
     </span>
    </p>

    <p class='ocr_par' dir='ltr' id='par_1_5' title="bbox 92 1431 1156 1604">
     <span class='ocr_line' id='line_1_14' title="bbox 162 1431 1156 1522; baseline 0.001 -25"><span class='ocrx_word' id='word_1_101' title='bbox 162 1431 233 1497; x_wconf 89' lang='lat' dir='ltr'>Iam</span> <span class='ocrx_word' id='word_1_102' title='bbox 269 1432 351 1496; x_wconf 88' lang='lat' dir='ltr'>illud</span> <span class='ocrx_word' id='word_1_103' title='bbox 377 1432 583 1516; x_wconf 86' lang='lat' dir='ltr'>perspicuum</span> <span class='ocrx_word' id='word_1_104' title='bbox 610 1438 673 1516; x_wconf 89' lang='lat' dir='ltr'>est,</span> <span class='ocrx_word' id='word_1_105' title='bbox 703 1434 852 1499; x_wconf 89' lang='lat' dir='ltr'>omnibus</span> <span class='ocrx_word' id='word_1_106' title='bbox 881 1433 933 1498; x_wconf 90' lang='lat' dir='ltr'>his</span> <span class='ocrx_word' id='word_1_107' title='bbox 960 1434 1079 1498; x_wconf 89' lang='lat' dir='ltr'>finibus</span> <span class='ocrx_word' id='word_1_108' title='bbox 1105 1473 1156 1522; x_wconf 76' lang='lat'>132</span> 
     </span>
     <span class='ocr_line' id='line_1_15' title="bbox 92 1521 1079 1604; baseline 0 -18"><span class='ocrx_word' id='word_1_109' title='bbox 92 1522 269 1603; x_wconf 87' lang='lat' dir='ltr'>bonorum,</span> <span class='ocrx_word' id='word_1_110' title='bbox 291 1541 370 1604; x_wconf 88' lang='lat' dir='ltr'>quos</span> <span class='ocrx_word' id='word_1_111' title='bbox 401 1521 547 1604; x_wconf 81' lang='lat' dir='ltr'>exposui,</span> <span class='ocrx_word' id='word_1_112' title='bbox 577 1521 737 1586; x_wconf 86' lang='lat' dir='ltr'>malorum</span> <span class='ocrx_word' id='word_1_113' title='bbox 758 1523 838 1586; x_wconf 90' lang='lat' dir='ltr'>fines</span> <span class='ocrx_word' id='word_1_114' title='bbox 862 1543 931 1586; x_wconf 90' lang='lat' dir='ltr'>esse</span> <span class='ocrx_word' id='word_1_115' title='bbox 954 1525 1079 1588; x_wconf 87' lang='lat' dir='ltr'>contra·</span> 
     </span>
    </p>

    <p class='ocr_par' dir='ltr' id='par_1_6' title="bbox 55 1609 1110 2048">
     <span class='ocr_line' id='line_1_16' title="bbox 55 1609 1103 1694; baseline -0.002 -18"><span class='ocrx_word' id='word_1_116' title='bbox 55 1637 79 1676; x_wconf 83' lang='lat'>15</span> <span class='ocrx_word' id='word_1_117' title='bbox 93 1611 171 1676; x_wconf 84' lang='lat' dir='ltr'>rios.</span> <span class='ocrx_word' id='word_1_118' title='bbox 217 1609 270 1673; x_wconf 91' lang='lat' dir='ltr'>Ad</span> <span class='ocrx_word' id='word_1_119' title='bbox 302 1630 360 1673; x_wconf 86' lang='lat' dir='ltr'>vos</span> <span class='ocrx_word' id='word_1_120' title='bbox 392 1631 477 1674; x_wconf 91' lang='lat' dir='ltr'>nunc</span> <span class='ocrx_word' id='word_1_121' title='bbox 504 1609 622 1693; x_wconf 89' lang='lat' dir='ltr'>refero,</span> <span class='ocrx_word' id='word_1_122' title='bbox 653 1631 748 1693; x_wconf 90' lang='lat' dir='ltr'>quem</span> <span class='ocrx_word' id='word_1_123' title='bbox 776 1631 904 1694; x_wconf 89' lang='lat' dir='ltr'>sequar,</span> <span class='ocrx_word' id='word_1_124' title='bbox 939 1609 1036 1676; x_wconf 90' lang='lat' dir='ltr'>modo</span> <span class='ocrx_word' id='word_1_125' title='bbox 1062 1631 1103 1674; x_wconf 92' lang='lat' dir='ltr'>ne</span> 
     </span>
     <span class='ocr_line' id='line_1_17' title="bbox 93 1695 1101 1782; baseline -0.001 -20"><span class='ocrx_word' id='word_1_126' title='bbox 93 1697 167 1782; x_wconf 89' lang='lat' dir='ltr'>quis</span> <span class='ocrx_word' id='word_1_127' title='bbox 199 1695 282 1761; x_wconf 91' lang='lat' dir='ltr'>illud</span> <span class='ocrx_word' id='word_1_128' title='bbox 307 1701 376 1762; x_wconf 90' lang='lat' dir='ltr'>tam</span> <span class='ocrx_word' id='word_1_129' title='bbox 406 1697 600 1762; x_wconf 88' lang='lat' dir='ltr'>ineruditum</span> <span class='ocrx_word' id='word_1_130' title='bbox 629 1697 866 1782; x_wconf 80' lang='lat' dir='ltr'>absurdumque</span> <span class='ocrx_word' id='word_1_131' title='bbox 892 1696 1101 1780; x_wconf 66' lang='lat' dir='ltr'>respondente</span> 
     </span>
     <span class='ocr_line' id='line_1_18' title="bbox 93 1783 1103 1870; baseline -0.002 -20"><span class='ocrx_word' id='word_1_132' title='bbox 93 1786 306 1868; x_wconf 60' lang='lat' dir='ltr'>‘Quemlibet</span> <span class='ocrx_word' id='word_1_133' title='bbox 336 1786 431 1850; x_wconf 92' lang='lat' dir='ltr'>modo</span> <span class='ocrx_word' id='word_1_134' title='bbox 455 1783 615 1870; x_wconf 70' lang='lat' dir='ltr'>aliquem?</span> <span class='ocrx_word' id='word_1_135' title='bbox 661 1783 754 1850; x_wconf 91' lang='lat' dir='ltr'>Nihil</span> <span class='ocrx_word' id='word_1_136' title='bbox 776 1789 886 1870; x_wconf 91' lang='lat' dir='ltr'>potest</span> <span class='ocrx_word' id='word_1_137' title='bbox 908 1785 972 1849; x_wconf 93' lang='lat' dir='ltr'>dici</span> <span class='ocrx_word' id='word_1_138' title='bbox 993 1785 1103 1849; x_wconf 91' lang='lat' dir='ltr'>incon-</span> 
     </span>
     <span class='ocr_line' id='line_1_19' title="bbox 94 1871 1110 1959; baseline -0.001 -20"><span class='ocrx_word' id='word_1_139' title='bbox 94 1873 279 1940; x_wconf 86' lang='lat' dir='ltr'>sideratius.</span> <span class='ocrx_word' id='word_1_140' title='bbox 316 1871 419 1958; x_wconf 80' lang='lat' dir='ltr'>Cupio</span> <span class='ocrx_word' id='word_1_141' title='bbox 444 1874 534 1959; x_wconf 92' lang='lat' dir='ltr'>sequi</span> <span class='ocrx_word' id='word_1_142' title='bbox 553 1873 688 1940; x_wconf 83' lang='lat' dir='ltr'>Stoicos.</span> <span class='ocrx_word' id='word_1_143' title='bbox 725 1873 857 1940; x_wconf 88' lang='lat' dir='ltr'>Licetne</span> <span class='ocrx_word' id='word_1_144' title='bbox 880 1871 1011 1959; x_wconf 87' lang='lat' dir='ltr'>(omitto</span> <span class='ocrx_word' id='word_1_145' title='bbox 1035 1872 1110 1958; x_wconf 78' lang='lat' dir='ltr'>‘per-</span> 
     </span>
     <span class='ocr_line' id='line_1_20' title="bbox 93 1959 1104 2048; baseline -0.002 -20"><span class='ocrx_word' id='word_1_146' title='bbox 93 1959 329 2046; x_wconf 87' lang='lat' dir='ltr'>Aristotelem’,</span> <span class='ocrx_word' id='word_1_147' title='bbox 353 1983 424 2026; x_wconf 88' lang='lat' dir='ltr'>meo</span> <span class='ocrx_word' id='word_1_148' title='bbox 447 1962 566 2027; x_wconf 91' lang='lat' dir='ltr'>iudicio</span> <span class='ocrx_word' id='word_1_149' title='bbox 589 1963 624 2026; x_wconf 94' lang='lat' dir='ltr'>in</span> <span class='ocrx_word' id='word_1_150' title='bbox 645 1962 854 2048; x_wconf 89' lang='lat' dir='ltr'>philosophia</span> <span class='ocrx_word' id='word_1_151' title='bbox 870 1973 977 2046; x_wconf 86' lang='lat' dir='ltr'>‘prope</span> <span class='ocrx_word' id='word_1_152' title='bbox 995 1961 1104 2047; x_wconf 83' lang='lat' dir='ltr'>singu-</span> 
     </span>
    </p>

    <p class='ocr_par' dir='ltr' id='par_1_7' title="bbox 56 2049 1106 2489">
     <span class='ocr_line' id='line_1_21' title="bbox 56 2049 1104 2136; baseline -0.003 -19"><span class='ocrx_word' id='word_1_153' title='bbox 56 2078 81 2118; x_wconf 62' lang='grc' dir='ltr'>πο</span> <span class='ocrx_word' id='word_1_154' title='bbox 94 2049 212 2134; x_wconf 82' lang='lat' dir='ltr'>larem)</span> <span class='ocrx_word' id='word_1_155' title='bbox 236 2073 294 2135; x_wconf 89' lang='lat' dir='ltr'>per</span> <span class='ocrx_word' id='word_1_156' title='bbox 316 2051 422 2134; x_wconf 91' lang='lat' dir='ltr'>ipsum</span> <span class='ocrx_word' id='word_1_157' title='bbox 444 2049 664 2116; x_wconf 83' lang='lat' dir='ltr'>Antiochum?</span> <span class='ocrx_word' id='word_1_158' title='bbox 694 2052 750 2136; x_wconf 92' lang='lat' dir='ltr'>qui</span> <span class='ocrx_word' id='word_1_159' title='bbox 773 2050 999 2135; x_wconf 72' lang='lat' dir='ltr'>appellabatur</span> <span class='ocrx_word' id='word_1_160' title='bbox 1023 2049 1104 2116; x_wconf 91' lang='lat' dir='ltr'>Aca·</span> 
     </span>
     <span class='ocr_line' id='line_1_22' title="bbox 95 2138 1104 2224; baseline -0.002 -20"><span class='ocrx_word' id='word_1_161' title='bbox 95 2139 248 2223; x_wconf 87' lang='lat' dir='ltr'>demicus,</span> <span class='ocrx_word' id='word_1_162' title='bbox 271 2143 341 2203; x_wconf 89' lang='lat' dir='ltr'>erat</span> <span class='ocrx_word' id='word_1_163' title='bbox 363 2138 503 2224; x_wconf 87' lang='lat' dir='ltr'>quidem,</span> <span class='ocrx_word' id='word_1_164' title='bbox 526 2139 554 2203; x_wconf 90' lang='lat' dir='ltr'>si</span> <span class='ocrx_word' id='word_1_165' title='bbox 576 2161 737 2223; x_wconf 87' lang='lat' dir='ltr'>perpauca</span> <span class='ocrx_word' id='word_1_166' title='bbox 755 2139 956 2223; x_wconf 85' lang='lat' dir='ltr'>mutavisset,</span> <span class='ocrx_word' id='word_1_167' title='bbox 979 2160 1104 2223; x_wconf 87' lang='lat' dir='ltr'>germa-</span> 
     </span>
     <span class='ocr_line' id='line_1_23' title="bbox 94 2225 1104 2312; baseline -0.002 -19"><span class='ocrx_word' id='word_1_168' title='bbox 94 2229 250 2293; x_wconf 90' lang='lat' dir='ltr'>nissimus</span> <span class='ocrx_word' id='word_1_169' title='bbox 284 2225 421 2292; x_wconf 84' lang='lat' dir='ltr'>Stoicus.</span> <span class='ocrx_word' id='word_1_170' title='bbox 460 2225 534 2290; x_wconf 81' lang='lat' dir='ltr'>Erit</span> <span class='ocrx_word' id='word_1_171' title='bbox 565 2227 666 2312; x_wconf 83' lang='lat' dir='ltr'>igitur</span> <span class='ocrx_word' id='word_1_172' title='bbox 689 2249 739 2293; x_wconf 90' lang='lat' dir='ltr'>res</span> <span class='ocrx_word' id='word_1_173' title='bbox 762 2229 827 2293; x_wconf 90' lang='lat' dir='ltr'>iam</span> <span class='ocrx_word' id='word_1_174' title='bbox 849 2228 885 2292; x_wconf 94' lang='lat' dir='ltr'>in</span> <span class='ocrx_word' id='word_1_175' title='bbox 907 2227 1104 2312; x_wconf 80' lang='lat' dir='ltr'>discrimine3</span> 
     </span>
     <span class='ocr_line' id='line_1_24' title="bbox 94 2313 1106 2400; baseline -0.001 -20"><span class='ocrx_word' id='word_1_176' title='bbox 94 2339 173 2381; x_wconf 88' lang='lat' dir='ltr'>nam</span> <span class='ocrx_word' id='word_1_177' title='bbox 205 2318 262 2381; x_wconf 88' lang='lat' dir='ltr'>aut</span> <span class='ocrx_word' id='word_1_178' title='bbox 286 2313 413 2381; x_wconf 83' lang='lat' dir='ltr'>Stoicus</span> <span class='ocrx_word' id='word_1_179' title='bbox 436 2316 651 2380; x_wconf 88' lang='lat' dir='ltr'>constituatur</span> <span class='ocrx_word' id='word_1_180' title='bbox 684 2317 812 2400; x_wconf 88' lang='lat' dir='ltr'>sapiens</span> <span class='ocrx_word' id='word_1_181' title='bbox 839 2335 954 2382; x_wconf 80' lang='lat' dir='ltr'>necesse</span> <span class='ocrx_word' id='word_1_182' title='bbox 976 2320 1019 2380; x_wconf 79' lang='lat' dir='ltr'>est</span> <span class='ocrx_word' id='word_1_183' title='bbox 1050 2319 1106 2380; x_wconf 87' lang='lat' dir='ltr'>aut</span> 
     </span>
     <span class='ocr_line' id='line_1_25' title="bbox 95 2402 1106 2489; baseline -0.003 -20"><span class='ocrx_word' id='word_1_184' title='bbox 95 2404 216 2469; x_wconf 84' lang='lat' dir='ltr'>veteris</span> <span class='ocrx_word' id='word_1_185' title='bbox 240 2402 448 2487; x_wconf 60' lang='lat' dir='ltr'>Academiam</span> <span class='ocrx_word' id='word_1_186' title='bbox 484 2408 654 2489; x_wconf 88' lang='lat' dir='ltr'>utrumque</span> <span class='ocrx_word' id='word_1_187' title='bbox 685 2426 751 2469; x_wconf 90' lang='lat' dir='ltr'>non</span> <span class='ocrx_word' id='word_1_188' title='bbox 780 2407 900 2487; x_wconf 82' lang='lat' dir='ltr'>potest3</span> <span class='ocrx_word' id='word_1_189' title='bbox 938 2406 988 2467; x_wconf 88' lang='lat' dir='ltr'>est</span> <span class='ocrx_word' id='word_1_190' title='bbox 1020 2403 1106 2467; x_wconf 90' lang='lat' dir='ltr'>enim</span> 
     </span>
    </p>

    <p class='ocr_par' dir='ltr' id='par_1_8' title="bbox 58 2491 1109 3370">
     <span class='ocr_line' id='line_1_26' title="bbox 58 2491 1106 2574; baseline -0.006 -15"><span class='ocrx_word' id='word_1_191' title='bbox 58 2493 183 2559; x_wconf 76' lang='lat' dir='ltr'>ainter</span> <span class='ocrx_word' id='word_1_192' title='bbox 212 2513 268 2557; x_wconf 89' lang='lat' dir='ltr'>cos</span> <span class='ocrx_word' id='word_1_193' title='bbox 294 2513 360 2558; x_wconf 90' lang='lat' dir='ltr'>non</span> <span class='ocrx_word' id='word_1_194' title='bbox 388 2491 427 2556; x_wconf 89' lang='lat' dir='ltr'>de</span> <span class='ocrx_word' id='word_1_195' title='bbox 454 2493 615 2574; x_wconf 77' lang='lat' dir='ltr'>terminia,</span> <span class='ocrx_word' id='word_1_196' title='bbox 647 2492 704 2556; x_wconf 91' lang='lat' dir='ltr'>sed</span> <span class='ocrx_word' id='word_1_197' title='bbox 734 2492 778 2563; x_wconf 53' lang='lat' dir='ltr'>de,</span> <span class='ocrx_word' id='word_1_198' title='bbox 800 2495 872 2556; x_wconf 91' lang='lat' dir='ltr'>tota</span> <span class='ocrx_word' id='word_1_199' title='bbox 902 2493 1106 2573; x_wconf 87' lang='lat' dir='ltr'>possessione</span> 
     </span>
     <span class='ocr_line' id='line_1_27' title="bbox 98 2578 1106 2646; baseline -0.003 -1"><span class='ocrx_word' id='word_1_200' title='bbox 98 2580 275 2646; x_wconf 89' lang='lat' dir='ltr'>contentio.</span> <span class='ocrx_word' id='word_1_201' title='bbox 319 2578 405 2645; x_wconf 90' lang='lat' dir='ltr'>Nam</span> <span class='ocrx_word' id='word_1_202' title='bbox 429 2579 533 2646; x_wconf 89' lang='lat' dir='ltr'>omnis</span> <span class='ocrx_word' id='word_1_203' title='bbox 555 2581 640 2645; x_wconf 87' lang='lat' dir='ltr'>ratio</span> <span class='ocrx_word' id='word_1_204' title='bbox 663 2580 748 2644; x_wconf 86' lang='lat' dir='ltr'>vitae</span> <span class='ocrx_word' id='word_1_205' title='bbox 778 2578 964 2643; x_wconf 86' lang='lat' dir='ltr'>definitione</span> <span class='ocrx_word' id='word_1_206' title='bbox 988 2579 1106 2643; x_wconf 89' lang='lat' dir='ltr'>summi</span> 
     </span>
     <span class='ocr_line' id='line_1_28' title="bbox 97 2666 1106 2754; baseline -0.002 -21"><span class='ocrx_word' id='word_1_207' title='bbox 97 2670 179 2734; x_wconf 88' lang='lat' dir='ltr'>boni</span> <span class='ocrx_word' id='word_1_208' title='bbox 201 2668 399 2753; x_wconf 86' lang='lat' dir='ltr'>continetur,</span> <span class='ocrx_word' id='word_1_209' title='bbox 426 2668 466 2733; x_wconf 89' lang='lat' dir='ltr'>de</span> <span class='ocrx_word' id='word_1_210' title='bbox 489 2690 553 2752; x_wconf 91' lang='lat' dir='ltr'>qua</span> <span class='ocrx_word' id='word_1_211' title='bbox 575 2668 630 2754; x_wconf 89' lang='lat' dir='ltr'>qui</span> <span class='ocrx_word' id='word_1_212' title='bbox 653 2667 824 2751; x_wconf 87' lang='lat' dir='ltr'>dissident,</span> <span class='ocrx_word' id='word_1_213' title='bbox 848 2666 886 2732; x_wconf 90' lang='lat' dir='ltr'>dc</span> <span class='ocrx_word' id='word_1_214' title='bbox 910 2666 997 2731; x_wconf 87' lang='lat' dir='ltr'>omni</span> <span class='ocrx_word' id='word_1_215' title='bbox 1019 2667 1106 2731; x_wconf 86' lang='lat' dir='ltr'>vitae</span> 
     </span>
     <span class='ocr_line' id='line_1_29' title="bbox 98 2755 1107 2842; baseline -0.001 -21"><span class='ocrx_word' id='word_1_216' title='bbox 98 2757 226 2822; x_wconf 86' lang='lat' dir='ltr'>ratione</span> <span class='ocrx_word' id='word_1_217' title='bbox 250 2756 416 2822; x_wconf 85' lang='lat' dir='ltr'>dissident.</span> <span class='ocrx_word' id='word_1_218' title='bbox 460 2755 538 2822; x_wconf 92' lang='lat' dir='ltr'>Non</span> <span class='ocrx_word' id='word_1_219' title='bbox 559 2760 668 2840; x_wconf 87' lang='lat' dir='ltr'>potest</span> <span class='ocrx_word' id='word_1_220' title='bbox 696 2757 798 2842; x_wconf 82' lang='lat' dir='ltr'>igitur</span> <span class='ocrx_word' id='word_1_221' title='bbox 820 2759 953 2839; x_wconf 86' lang='lat' dir='ltr'>uterquc</span> <span class='ocrx_word' id='word_1_222' title='bbox 970 2777 1040 2820; x_wconf 91' lang='lat' dir='ltr'>esse</span> <span class='ocrx_word' id='word_1_223' title='bbox 1059 2777 1107 2820; x_wconf 88' lang='lat' dir='ltr'>sa-</span> 
     </span>
     <span class='ocr_line' id='line_1_30' title="bbox 97 2841 1107 2930; baseline -0.002 -20"><span class='ocrx_word' id='word_1_224' title='bbox 97 2847 201 2930; x_wconf 88' lang='lat' dir='ltr'>piens,</span> <span class='ocrx_word' id='word_1_225' title='bbox 210 2846 363 2929; x_wconf 90' lang='lat' dir='ltr'>quoniam</span> <span class='ocrx_word' id='word_1_226' title='bbox 385 2848 479 2910; x_wconf 89' lang='lat' dir='ltr'>tanto</span> <span class='ocrx_word' id='word_1_227' title='bbox 502 2866 598 2929; x_wconf 89' lang='lat' dir='ltr'>opere</span> <span class='ocrx_word' id='word_1_228' title='bbox 621 2844 829 2928; x_wconf 87' lang='lat' dir='ltr'>dissentiunt,</span> <span class='ocrx_word' id='word_1_229' title='bbox 857 2841 913 2909; x_wconf 89' lang='lat' dir='ltr'>sed</span> <span class='ocrx_word' id='word_1_230' title='bbox 936 2845 1025 2910; x_wconf 88' lang='lat' dir='ltr'>alter.</span> <span class='ocrx_word' id='word_1_231' title='bbox 1072 2843 1107 2908; x_wconf 85' lang='lat' dir='ltr'>Si</span> 
     </span>
     <span class='ocr_line' id='line_1_31' title="bbox 61 2931 1107 3017; baseline -0.005 -17"><span class='ocrx_word' id='word_1_232' title='bbox 61 2959 87 3000; x_wconf 80' lang='lat' dir='ltr'>ao</span> <span class='ocrx_word' id='word_1_233' title='bbox 100 2933 325 3016; x_wconf 85' lang='lat' dir='ltr'>Polemoneus,</span> <span class='ocrx_word' id='word_1_234' title='bbox 346 2937 461 3017; x_wconf 89' lang='lat' dir='ltr'>peccat</span> <span class='ocrx_word' id='word_1_235' title='bbox 484 2931 609 2998; x_wconf 83' lang='lat' dir='ltr'>Stoicus</span> <span class='ocrx_word' id='word_1_236' title='bbox 632 2935 679 2997; x_wconf 86' lang='lat' dir='ltr'>rei</span> <span class='ocrx_word' id='word_1_237' title='bbox 700 2933 803 2998; x_wconf 87' lang='lat' dir='ltr'>falsae</span> <span class='ocrx_word' id='word_1_238' title='bbox 819 2932 1001 2996; x_wconf 86' lang='lat' dir='ltr'>adsentiens</span> <span class='ocrx_word' id='word_1_239' title='bbox 1016 2931 1107 3016; x_wconf 89' lang='lat' dir='ltr'>(nam</span> 
     </span>
     <span class='ocr_line' id='line_1_32' title="bbox 100 3017 1108 3106; baseline -0.004 -19"><span class='ocrx_word' id='word_1_240' title='bbox 100 3044 160 3087; x_wconf 88' lang='lat' dir='ltr'>vos</span> <span class='ocrx_word' id='word_1_241' title='bbox 183 3020 311 3106; x_wconf 87' lang='lat' dir='ltr'>quidem</span> <span class='ocrx_word' id='word_1_242' title='bbox 325 3021 408 3086; x_wconf 90' lang='lat' dir='ltr'>nihil</span> <span class='ocrx_word' id='word_1_243' title='bbox 423 3043 492 3086; x_wconf 87' lang='lat' dir='ltr'>esse</span> <span class='ocrx_word' id='word_1_244' title='bbox 516 3021 622 3086; x_wconf 88' lang='lat' dir='ltr'>dicitis</span> <span class='ocrx_word' id='word_1_245' title='bbox 643 3022 822 3105; x_wconf 87' lang='lat' dir='ltr'>asapicnte</span> <span class='ocrx_word' id='word_1_246' title='bbox 846 3024 914 3084; x_wconf 87' lang='lat' dir='ltr'>tam</span> <span class='ocrx_word' id='word_1_247' title='bbox 936 3017 1108 3104; x_wconf 82' lang='lat' dir='ltr'>alienum);</span> 
     </span>
     <span class='ocr_line' id='line_1_33' title="bbox 102 3107 1107 3190; baseline -0.004 -17"><span class='ocrx_word' id='word_1_248' title='bbox 102 3109 154 3174; x_wconf 90' lang='lat' dir='ltr'>sin</span> <span class='ocrx_word' id='word_1_249' title='bbox 176 3131 254 3174; x_wconf 85' lang='lat' dir='ltr'>vcra</span> <span class='ocrx_word' id='word_1_250' title='bbox 282 3113 357 3173; x_wconf 90' lang='lat' dir='ltr'>sunt</span> <span class='ocrx_word' id='word_1_251' title='bbox 380 3109 530 3190; x_wconf 86' lang='lat' dir='ltr'>Zenonis,</span> <span class='ocrx_word' id='word_1_252' title='bbox 557 3109 667 3174; x_wconf 86' lang='lat' dir='ltr'>eudem</span> <span class='ocrx_word' id='word_1_253' title='bbox 694 3110 729 3173; x_wconf 90' lang='lat' dir='ltr'>in</span> <span class='ocrx_word' id='word_1_254' title='bbox 751 3113 873 3175; x_wconf 84' lang='lat' dir='ltr'>veteres</span> <span class='ocrx_word' id='word_1_255' title='bbox 897 3107 1107 3173; x_wconf 86' lang='lat' dir='ltr'>Academicos</span> 
     </span>
     <span class='ocr_line' id='line_1_34' title="bbox 100 3195 1107 3282; baseline -0.005 -20"><span class='ocrx_word' id='word_1_256' title='bbox 100 3197 400 3282; x_wconf 88' lang='lat' dir='ltr'>Peripateticosque</span> <span class='ocrx_word' id='word_1_257' title='bbox 437 3197 577 3262; x_wconf 85' lang='lat' dir='ltr'>dicenda.</span> <span class='ocrx_word' id='word_1_258' title='bbox 626 3196 689 3261; x_wconf 90' lang='lat' dir='ltr'>Hic</span> <span class='ocrx_word' id='word_1_259' title='bbox 720 3197 821 3282; x_wconf 82' lang='lat' dir='ltr'>igitur</span> <span class='ocrx_word' id='word_1_260' title='bbox 851 3197 959 3261; x_wconf 89' lang='lat' dir='ltr'>neutri</span> <span class='ocrx_word' id='word_1_261' title='bbox 995 3195 1107 3259; x_wconf 88' lang='lat' dir='ltr'>adsen-</span> 
     </span>
     <span class='ocr_line' id='line_1_35' title="bbox 102 3285 1109 3370; baseline -0.004 -20"><span class='ocrx_word' id='word_1_262' title='bbox 102 3286 205 3368; x_wconf 77' lang='lat' dir='ltr'>tiens,</span> <span class='ocrx_word' id='word_1_263' title='bbox 225 3285 254 3349; x_wconf 90' lang='lat' dir='ltr'>si</span> <span class='ocrx_word' id='word_1_264' title='bbox 275 3307 464 3370; x_wconf 90' lang='lat' dir='ltr'>numquam,</span> <span class='ocrx_word' id='word_1_265' title='bbox 491 3289 562 3350; x_wconf 89' lang='lat' dir='ltr'>uter</span> <span class='ocrx_word' id='word_1_266' title='bbox 584 3287 626 3351; x_wconf 81' lang='lat' dir='ltr'>sit</span> <span class='ocrx_word' id='word_1_267' title='bbox 646 3286 782 3370; x_wconf 76' lang='lat' dir='ltr'>cupiens,</span> <span class='ocrx_word' id='word_1_268' title='bbox 809 3285 980 3367; x_wconf 75' lang='lat' dir='ltr'>adparebat,</span> <span class='ocrx_word' id='word_1_269' title='bbox 1009 3301 1109 3347; x_wconf 79' lang='lat' dir='ltr'>nocue</span> 
     </span>
    </p>

    <p class='ocr_par' dir='ltr' id='par_1_9' title="bbox 64 3370 1159 3634">
     <span class='ocr_line' id='line_1_36' title="bbox 64 3370 1159 3456; baseline -0.002 -15"><span class='ocrx_word' id='word_1_270' title='bbox 64 3398 89 3441; x_wconf 80' lang='lat' dir='ltr'>as</span> <span class='ocrx_word' id='word_1_271' title='bbox 102 3379 230 3456; x_wconf 84' lang='lat' dir='ltr'>utroque</span> <span class='ocrx_word' id='word_1_272' title='bbox 256 3377 305 3438; x_wconf 91' lang='lat' dir='ltr'>est</span> <span class='ocrx_word' id='word_1_273' title='bbox 334 3373 543 3456; x_wconf 76' lang='lat' dir='ltr'>prudentior?</span> <span class='ocrx_word' id='word_1_274' title='bbox 581 3372 685 3450; x_wconf 79' lang='lat' dir='ltr'>Quid?</span> <span class='ocrx_word' id='word_1_275' title='bbox 708 3395 781 3438; x_wconf 91' lang='lat' dir='ltr'>cum</span> <span class='ocrx_word' id='word_1_276' title='bbox 808 3373 878 3456; x_wconf 90' lang='lat' dir='ltr'>ipse</span> <span class='ocrx_word' id='word_1_277' title='bbox 904 3370 1084 3436; x_wconf 88' lang='lat' dir='ltr'>Antiochus</span> <span class='ocrx_word' id='word_1_278' title='bbox 1110 3390 1159 3439; x_wconf 86' lang='lat'>133</span> 
     </span>
     <span class='ocr_line' id='line_1_37' title="bbox 105 3457 1108 3546; baseline -0.005 -19"><span class='ocrx_word' id='word_1_279' title='bbox 105 3461 258 3527; x_wconf 90' lang='lat' dir='ltr'>dissentit</span> <span class='ocrx_word' id='word_1_280' title='bbox 271 3461 464 3546; x_wconf 91' lang='lat' dir='ltr'>quibusdam</span> <span class='ocrx_word' id='word_1_281' title='bbox 486 3462 521 3526; x_wconf 91' lang='lat' dir='ltr'>in</span> <span class='ocrx_word' id='word_1_282' title='bbox 543 3462 638 3527; x_wconf 89' lang='lat' dir='ltr'>rebus</span> <span class='ocrx_word' id='word_1_283' title='bbox 663 3461 703 3526; x_wconf 88' lang='lat' dir='ltr'>ab</span> <span class='ocrx_word' id='word_1_284' title='bbox 726 3461 788 3544; x_wconf 91' lang='lat' dir='ltr'>his,</span> <span class='ocrx_word' id='word_1_285' title='bbox 812 3481 891 3544; x_wconf 90' lang='lat' dir='ltr'>quos</span> <span class='ocrx_word' id='word_1_286' title='bbox 912 3461 1008 3542; x_wconf 89' lang='lat' dir='ltr'>amat,</span> <span class='ocrx_word' id='word_1_287' title='bbox 1027 3457 1108 3524; x_wconf 84' lang='lat' dir='ltr'>Stoi·</span> 
     </span>
     <span class='ocr_line' id='line_1_38' title="bbox 105 3547 1108 3634; baseline -0.003 -19"><span class='ocrx_word' id='word_1_288' title='bbox 105 3550 163 3634; x_wconf 90' lang='lat' dir='ltr'>cis,</span> <span class='ocrx_word' id='word_1_289' title='bbox 194 3570 300 3614; x_wconf 89' lang='lat' dir='ltr'>nonne</span> <span class='ocrx_word' id='word_1_290' title='bbox 326 3549 448 3615; x_wconf 88' lang='lat' dir='ltr'>indicat</span> <span class='ocrx_word' id='word_1_291' title='bbox 473 3572 540 3616; x_wconf 90' lang='lat' dir='ltr'>non</span> <span class='ocrx_word' id='word_1_292' title='bbox 565 3571 661 3634; x_wconf 92' lang='lat' dir='ltr'>posse</span> <span class='ocrx_word' id='word_1_293' title='bbox 684 3549 741 3613; x_wconf 88' lang='lat' dir='ltr'>illa</span> <span class='ocrx_word' id='word_1_294' title='bbox 768 3547 937 3632; x_wconf 87' lang='lat' dir='ltr'>probanda</span> <span class='ocrx_word' id='word_1_295' title='bbox 960 3569 1029 3612; x_wconf 90' lang='lat' dir='ltr'>esse</span> <span class='ocrx_word' id='word_1_296' title='bbox 1058 3569 1108 3613; x_wconf 88' lang='lat' dir='ltr'>sa·</span> 
     </span>
    </p>
   </div>
   <div class='ocr_carea' id='block_1_3' title="bbox 0 0 1289 3966">
    <p class='ocr_par' dir='ltr' id='par_1_10' title="bbox 0 0 1289 3966">
     <span class='ocr_line' id='line_1_39' title="bbox 0 0 1289 3966; baseline 0 0"><span class='ocrx_word' id='word_1_297' title='bbox 0 0 1289 3966; x_wconf 95' lang='lat' dir='ltr'> </span> 
     </span>
    </p>
   </div>
  </div>
 </body>
</html>
