2568 3948
175 211 239 275 228
338 211 386 266 DE
402 211 549 298 ¹FINIBUS
567 211 749 266 BONORUM
767 213 815 266 ΕΤ
833 211 1015 267 MALORUM

176 397 247 438 sum
269 375 367 456 paulo
391 378 467 438 ante
491 396 580 452 usus,
608 373 793 440 haerebitis.
840 373 874 438 Si
903 375 989 439 enim
1011 379 1186 460 propterea

175 463 255 527 vitia
287 462 353 525 alia
385 462 457 526 aliis
486 462 610 526 maiora
636 484 704 526 non
732 466 819 545 sunt,
848 464 924 545 quia
950 483 991 526 ne
1018 465 1059 528 ad
1087 463 1187 528 finem

175 550 303 634 quidem
334 551 492 614 bonorum
524 572 609 631 eum,
641 571 735 632 quem
763 571 820 613 vos
850 549 976 632 facitis,
1012 552 1186 635 quicquam

174 642 283 721 potest
311 638 471 721 accedere,
504 639 657 721 quoniam
685 637 891 720 perspicuum
924 642 974 702 est
1005 639 1087 703 vitia
1118 661 1185 704 non

176 747 245 791 esse
273 726 417 791 omnium
448 725 553 808 paria,
585 725 659 788 finis
692 725 850 790 bonorum
883 726 975 791 vobis
1009 726 1212 792 mutanduss

176 818 232 878 est.
286 814 465 877 Teneamus
497 814 581 876 enim
614 811 695 875 illud
722 833 852 876 neeesse
881 816 944 895 est,
972 836 1045 878 cum
1073 835 1183 879 conse-

175 924 275 986 quens
303 901 432 985 aliquod
459 900 576 970 falsum
605 900 661 982 sit,
688 899 783 982 illud,
811 901 900 964 cuius
929 901 962 964 id
985 923 1184 985 consequens

175 991 231 1072 sit,
253 1011 319 1054 non
341 1011 437 1073 posse
460 1010 531 1052 esse
554 1010 674 1053 verum.

121 1083 164 1146 25
241 1077 329 1152 Quae
351 1081 401 1141 est
423 1076 524 1176 igitur
547 1098 643 1141 eausa
665 1077 803 1140 istarum
826 1080 944 1161 angust
930 1077 1071 1141 tiarum‘?
1108 1076 1185 1141 Glo-

173 1166 262 1230 riosa
291 1164 504 1228 ostentatio
494 1187 529 1228 111
557 1165 676 1229 constit
663 1164 781 1228 tuendo
805 1185 929 1229 summo
958 1164 1053 1230 bono.
1100 1162 1182 1229 Cum
1199 1192 1225 1230 ro

174 1254 274 1334 onim,
298 1252 381 1337 quod
403 1252 643 1315 honestumt
600 1255 656 1335 sit,
682 1252 715 1315 id
739 1252 989 1317 solumbonum
1013 1273 1082 1316 esse
1107 1275 1184 1317 con-

173 1342 332 1422 firmatur,
354 1339 482 1404 tollitur
504 1361 580 1404 cura
598 1339 805 1422 valetudinis,
829 1340 1001 1424 diligentia
1018 1340 1064 1404 rei
1087 1340 1183 1404 farni-

174 1428 278 1511 liaris,
311 1427 550 1491 administratio
583 1428 630 1492 rei
661 1427 823 1511 publicae,
856 1428 933 1492 ordo
967 1428 1183 1511 gerendorum

173 1517 392 1601 negotiorum,
420 1515 527 1580 officia
554 1515 653 1598 vitae,
680 1515 790 1598 ipsum
818 1515 953 1599 denique
979 1515 1060 1580 illud
1083 1516 1183 1581 hone-

175 1610 273 1688 stum,
296 1603 416 1687 inquo
440 1625 504 1668 uno
527 1604 626 1667 vultis
650 1624 719 1667 esse
744 1603 866 1686 omnia,
890 1604 1100 1668 deserendum
1124 1609 1184 1669 est.
1200 1631 1223 1670 rs

175 1691 263 1767 Quae
282 1691 528 1776 diligentissime
547 1694 659 1757 eontra
676 1690 863 1755 Aristonem
884 1691 1032 1755 dicuntur
1046 1715 1065 1755 a
1079 1691 1183 1775 Chry-

174 1781 276 1865 sippo.
314 1779 365 1844 Ex
380 1801 418 1844 ea
436 1779 626 1843 difficultate
644 1779 721 1842 illae
741 1778 1062 1862 ‘fallaciloquae’,
1079 1783 1118 1843 ut
1137 1781 1186 1844 ait
1276 1821 1277 1826 κ

122 1889 155 1937 69
175 1865 299 1952 Ateius,
323 1866 529 1933 ‘malitiae'
553 1870 648 1931 natae
673 1871 756 1931 sunt.
793 1865 885 1941 Quod
904 1867 990 1931 enim
1012 1868 1184 1952 sapientia,

174 1956 286 2041 pedem
309 1956 365 2020 ubi
388 1957 536 2038 poneret,
558 1977 624 2019 non
647 1953 789 2018 habebat
812 1954 949 2018 sublatis
974 1955 1088 2019 officiis
1116 1978 1183 2020 om-

173 2045 282 2126 nibus,
311 2043 418 2108 officia
447 2046 555 2106 autem
577 2042 777 2107 tollebantur
799 2041 919 2106 dilectu
947 2043 1035 2107 omni
1058 2048 1091 2107 et
1119 2043 1183 2108 dis·
1198 2070 1222 2109 so

175 2133 307 2197 crimine
335 2133 474 2212 remoto,
497 2151 578 2213 quae
602 2151 671 2193 esse
696 2150 759 2194 aon
786 2133 939 2213 poterant
959 2131 1056 2194 rebus
1080 2132 1183 2196 omni-

114 2297 117 2304 ,
174 2221 234 2284 bus
263 2219 309 2284 sio
337 2218 539 2301 exaequatis,
566 2222 602 2281 ut
629 2218 714 2281 inter
742 2239 796 2282 eas
823 2218 905 2283 nihil
935 2219 1118 2302 interesset,
1145 2242 1184 2284 ex

173 2308 225 2372 his
249 2307 407 2392 angustiis
430 2306 496 2370 ista
519 2309 689 2370 evaserunt
710 2305 871 2370 deteriora
894 2328 990 2389 quam
1009 2307 1100 2370 Arist
1086 2308 1183 2372 tonis
1274 2367 1275 2394 ,

173 2395 235 2460 Illa
266 2399 377 2459 tamen
409 2393 584 2478 simplicia,
616 2398 687 2458 vest
689 2416 725 2457 ra
756 2398 894 2458 versuta.
954 2393 1062 2478 Reges
1096 2396 1182 2458 enim
1274 2397 1275 2479 l

174 2485 370 2566 Aristonem,
388 2484 516 2547 bonane
534 2503 563 2546 er
555 2482 710 2546 videant
696 2485 750 2545 tur
767 2481 860 2545 haec:
883 2482 992 2545 vacuit
993 2503 1028 2546 as
978 2482 1182 2566 tdoloris,
1197 2506 1222 2547 rs
1273 2553 1274 2556 Ἴ

174 2571 320 2654 divitiae,
342 2571 428 2635 valet
414 2571 506 2654 tudo;
529 2575 634 2654 neget.
680 2569 785 2644 Quid?
816 2592 897 2654 quae
921 2570 1084 2633 contraria
1107 2573 1184 2635 sunt

174 2660 240 2742 his,
264 2659 411 2723 malane?
447 2657 561 2723 Nihilo
584 2659 699 2742 magia.
739 2656 900 2722 Zenonem
922 2678 1030 2741 roges;
1052 2679 1183 2742 respon·

175 2747 250 2812 deat
272 2747 408 2811 totidem
431 2747 548 2810 verbis.
585 2745 793 2809 Admirantes
818 2767 1009 2830 quaeramus
1018 2746 1072 2816 ‚ab
1095 2749 1184 2810 utro·
1272 2823 1273 2830 ἵ

176 2837 253 2920 que,
277 2855 417 2916 quonam
448 2832 544 2897 modo
573 2833 673 2896 vitam
704 2853 799 2918 agere
831 2833 1007 2916 possimus,
1040 2834 1068 2898 si
1101 2834 1185 2898 nihil
1272 2855 1273 2948 q

174 2925 330 2987 interesse
362 2924 475 2986 nostra
513 2923 676 3004 putemus,
714 2922 878 2985 valeamus
910 2921 1041 3004 aegrine
1074 2922 1184 3005 simus,
1198 2947 1223 2986 eo
1272 2950 1273 3004 q

176 3032 324 3075 vacemus
354 3031 395 3073 an
417 3009 594 3072 cruciemur
616 3009 740 3092 dolore,
766 3009 884 3092 frigus,
912 3008 1031 3073 famem
1054 3010 1184 3093 propul-

106 3123 111 3132 ·
176 3121 247 3163 sare
270 3097 432 3181 possimus
455 3118 555 3161 necne
578 3098 748 3181 possimus.
793 3095 908 3178 Vives,
934 3097 1041 3181 inquit
1063 3096 1184 3181 Aristo,
1271 3161 1272 3164 ,

176 3187 346 3272 magnifice
375 3189 469 3267 atque
497 3186 676 3268 praeclare,
704 3183 788 3268 quod
817 3184 878 3247 erit
905 3206 1040 3268 cumque
1071 3186 1184 3270 visum,

177 3297 266 3361 ages,
293 3295 467 3357 numquam
496 3294 624 3357 angere,
652 3293 825 3355 numquam
854 3273 977 3356 cupies,
1007 3294 1184 3358 numquam
1270 3331 1271 3354 ,

124 3369 189 3434 act
176 3363 313 3428 timebis.
346 3361 428 3437 Quid
447 3360 556 3425 Zeno?
591 3360 725 3424 Portant
711 3363 747 3424 ta
767 3359 849 3423 haee
872 3381 941 3425 esse
965 3360 1045 3425 dicit
1049 3383 1222 3514 ,nequeas
1270 3375 1271 3382 ’

177 3475 215 3516 ea
249 3450 375 3516 ratione
411 3450 477 3513 ullo
515 3448 609 3512 modo
648 3469 743 3548 posse
775 3448 855 3532 vivi3
894 3470 927 3512 se
962 3448 1109 3513 dicere
1099 3454 1184 3515 mter

176 3540 347 3603 honestum
388 3540 420 3600 et
455 3539 550 3618 turpe
585 3535 722 3600 nimium
754 3539 926 3620 quantum,
962 3537 1070 3601 nescio
1108 3538 1184 3621 quid
1269 3561 1270 3606 l

1266 3819 1269 3917 4
