2564 3950
328 299 335 314 .
372 213 439 269 ΜΒ.
457 213 506 269 111.
534 211 718 272 CAP.1-e.
746 218 867 280 sr-e.
1060 213 1124 281 357

113 397 185 442 esse
208 376 291 460 volt,
314 375 487 441 temeraria
510 380 605 460 atque
623 374 863 441 inconsiderata
882 379 916 441 et
936 377 1125 463 plerumque

112 469 321 549 peccatorum
360 464 574 550 vitiorumque
610 463 784 548 laudatrix,
824 465 913 529 fama
948 466 1126 550 popularis,

113 552 323 618 simulatione
345 552 527 617 honestatis
549 551 689 616 formam
712 553 780 617 eius
804 552 1126 639 puchritudinemque

113 641 304 725 corrumpit.
362 640 433 718 Qua
472 641 627 708 caecitate
662 640 824 723 homines,
861 663 932 706 cum
969 642 1126 727 quaedam

84 731 215 794 setiam
239 730 406 813 praeclara
427 732 580 812 cuperent
602 749 702 813 eaque
725 729 886 794 nescirent
906 751 966 794 nec
988 730 1044 794 ubi
1066 752 1126 796 nee

114 818 226 902 qualia
254 820 374 900 essent,
400 817 544 882 funditus
573 817 630 881 alii
656 821 840 882 everterunt
867 839 942 882 suas
969 818 1126 902 civitates,

114 906 172 970 alii
189 905 254 990 ipsi
273 904 468 971 occiderunt.
502 904 608 990 Atque
625 905 661 970 hi
679 905 807 989 quidem
826 908 961 990 optuma
978 910 1125 990 petentes

113 1015 181 1060 non
198 998 267 1059 tam
281 993 449 1059 uoluntate
463 1015 561 1077 quam
579 1015 692 1058 cursus
707 1014 814 1059 errore
827 994 993 1059 falluntur.
1021 993 1125 1071 Quid?

114 1083 171 1167 qui
189 1077 345 1166 pecuniae¹
364 1081 552 1166 cupiditate,
570 1082 627 1166 qui
640 1081 846 1167 voluptatum
864 1083 1000 1147 libidine
1018 1082 1124 1149 ferun·

68 1195 101 1236 ro
114 1173 179 1249 tur,
197 1191 395 1256 quorumque
414 1171 461 1235 ita
478 1171 707 1254 perturbantur
725 1170 835 1254 animi,
852 1174 890 1234 ut
907 1193 973 1236 nou
987 1172 1125 1236 multum

113 1258 224 1324 absint
247 1259 287 1324 ab
310 1259 451 1343 insania,
479 1259 565 1344 quod
587 1258 815 1342 insipientibus
838 1260 1000 1344 contingit
1022 1261 1124 1325 omni·

15 1413 21 1422 ,
112 1347 189 1431 bus,
215 1346 267 1412 his
288 1347 419 1412 nullane
444 1351 493 1413 est
521 1346 703 1412 adhibenda
730 1346 877 1412 curatio?
906 1352 1015 1412 utrum
1039 1348 1125 1432 quod

113 1436 221 1500 minus
244 1439 384 1500 noceant
401 1435 502 1500 animi
525 1437 764 1520 aegrotationes
788 1457 885 1520 quam
906 1437 1058 1520 eorporis,
1082 1459 1125 1501 an

14 1606 17 1612 ,
114 1523 200 1607 quod
219 1543 356 1607 corpora
374 1524 479 1588 curari
498 1524 636 1607 possint,
657 1524 838 1588 animorum
856 1524 1014 1588 medicina
1031 1525 1124 1589 nulla

70 1635 99 1676 15
115 1611 179 1676 sit?
216 1610 263 1675 Aa
285 1615 319 1676 et
335 1612 442 1676 morbi
463 1611 711 1696 perniciosiores
733 1611 904 1697 pluresque
927 1616 1003 1676 sunt
1025 1582 1163 1707 animi}

4 1745 5 1752 κ
115 1721 212 1784 quam
240 1701 398 1784 corporis3
425 1700 487 1766 hoc
515 1701 600 1764 enim
626 1699 699 1784 ipso
722 1699 827 1764 odiosi
853 1703 944 1784 sunt,
970 1700 1055 1785 quod
1082 1702 1124 1766 ad

4 1837 6 1844 .
115 1788 259 1853 animum
297 1789 462 1872 pertinent
493 1810 628 1871 eumque
665 1787 856 1871 sollicitant,
892 1787 1124 1874 ‘animusque

5 1875 6 1878 ’
115 1875 258 1960 aeger',
281 1881 318 1942 ut
341 1877 388 1940 ait
408 1876 549 1960 Ennius,
572 1876 737 1960 ‘semper
765 1879 870 1940 errat
895 1896 1016 1961 neque
1039 1878 1124 1960 pati

113 1985 235 2048 neque
254 1965 406 2049 perpeti
423 1968 566 2049 potest,
588 1986 723 2048 cupere
741 1986 943 2048 numquam
962 1964 1123 2030 desinit?

71 2075 100 2117 ao
115 2052 239 2129 Quibus
262 2053 387 2118 duobus
410 2054 546 2137 morbis,
569 2056 606 2118 ut
629 2054 777 2118 omittam
801 2053 897 2138 alios,
922 2053 1123 2138 aegritudine

113 2144 147 2205 et
178 2141 366 2225 cupiditate,
405 2143 462 2227 qui
492 2141 622 2206 tandem
654 2145 790 2226 possunt
820 2141 855 2206 in
887 2163 1021 2226 corpore
1053 2163 1124 2207 esse

113 2229 302 2316 grauiores?
351 2229 415 2307 Qui
437 2251 513 2296 vero
543 2231 675 2314 probari
703 2233 825 2313 potest,
852 2233 891 2294 ut
917 2229 980 2294 sibi
1003 2231 1124 2295 mederi

5 2397 6 2400 Ἴ
113 2317 239 2383 animus
265 2339 345 2388 uon
363 2319 481 2402 possit,
513 2340 586 2383 cum
617 2319 722 2402 ipsam
753 2317 947 2382 medicinam
979 2319 1123 2402 corporis

6 2435 7 2440 ¹
60 2406 239 2470 =1animus
270 2405 441 2491 invenerit,
474 2427 608 2491 cumque
644 2405 685 2471 ad
717 2427 888 2489 corporum
921 2407 1123 2471 sanationem

6 2517 7 2520 ¹
72 2517 99 2558 rs
114 2495 252 2559 multum
284 2495 356 2579 ipsa
389 2516 526 2579 corpora
557 2497 590 2559 et
620 2497 739 2558 natura
770 2494 878 2558 valeat
908 2515 968 2560 nec
1003 2515 1124 2578 omnes,

113 2581 168 2666 qui
191 2583 297 2647 curari
321 2605 354 2648 se
377 2583 466 2667 passi
489 2583 568 2666 sint,
591 2583 743 2647 contiuuo
767 2582 867 2646 etiam
888 2581 1124 2666 convalescant,

114 2670 213 2735 animi
240 2674 362 2754 autem,
397 2671 452 2756 qui
483 2693 518 2736 se
546 2671 654 2736 sanari
684 2669 847 2736 voluerint
877 2671 1123 2755 praeceptisque

114 2758 307 2843 sapientium
336 2759 516 2843 paruerint,
539 2760 608 2824 siue
629 2759 698 2823 ulla
721 2758 923 2824 dubitatione
947 2757 1122 2824 sanentur?

9 2853 14 2866 “
112 2845 175 2916 Est
196 2846 342 2930 profecto
365 2847 464 2912 animi
487 2847 658 2930 medicina,
679 2845 903 2931 philosophia3
926 2848 1016 2913 cuius
1035 2847 1123 2912 auxi·
1141 2859 1158 2908 6

73 2934 193 3000 solium
219 2957 286 3000 non
311 2938 349 3000 ut
375 2936 410 3000 in
433 2935 577 3020 corporis
605 2934 727 3001 morbis
754 2935 929 3018 petendum
957 2939 1007 3000 est
1032 2935 1123 3020 foris,

113 3024 326 3108 omnibusque
363 3024 479 3108 opibus
515 3023 653 3107 viribus,
691 3026 729 3089 ut
764 3027 893 3089 nosmet
928 3025 992 3108 ipsi
1027 3024 1122 3100 nobis

113 3111 235 3176 mederi
265 3113 441 3196 possimus,
472 3111 704 3177 elaborandum
735 3115 793 3176 est.
848 3111 1051 3196 Quamquam
1083 3110 1122 3176 de

113 3199 263 3264 universa
284 3200 508 3284 philosophie,
530 3204 652 3284 quanto
675 3221 771 3283 opere
790 3203 822 3264 et
841 3201 1018 3284 expetenda
1037 3202 1123 3263 esset

113 3292 146 3352 et
163 3287 310 3371 colenda,
329 3289 423 3373 satis,
445 3292 483 3353 ut
500 3288 653 3372 arbitror,
675 3288 797 3352 dictum
816 3292 866 3353 est
883 3288 919 3352 in
937 3285 1122 3352 Hortensio.

73 3374 161 3442 csDe
195 3377 355 3440 maxumis
392 3380 501 3442 autem
533 3377 629 3442 rebus
665 3376 749 3440 nihil
785 3375 852 3440 fere
888 3375 1122 3441 intermisimus

110 3467 225 3548 postea
251 3485 311 3530 nee
339 3463 503 3547 disputare
530 3485 590 3530 nee
620 3465 767 3528 scribere.
813 3463 874 3528 His
898 3469 1004 3528 autem
1027 3463 1121 3528 libris

7 3617 8 3630 ,
112 3551 257 3637 exposita
272 3555 347 3618 sunt
365 3574 413 3638 ea,
431 3574 513 3638 quae
532 3574 551 3617 a
567 3553 663 3618 nobis
678 3574 751 3617 cum
771 3551 986 3617 familiaribus
1000 3551 1121 3617 nostris
