2586 3950
179 231 242 295 126
340 231 388 285 DE
408 231 552 286 FINIBUS
570 229 751 286 BONORUM
768 231 815 284 ΕΤ
835 229 1017 317 MAuOPuJu

177 393 312 458 ducere?
362 392 559 457 Invidiosum
586 415 704 457 nomen
732 395 793 476 est,
825 392 960 477 infame,
992 335 1187 476 suspicatum.

176 482 290 565 Itaque
312 481 374 546 hoc
396 481 580 564 frequenter
603 481 665 544 dici
690 480 772 544 solet
794 503 814 545 a
840 479 947 564 vobiS,
974 502 1040 544 non
1062 481 1187 546 intelle-

178 591 254 654 gere
286 591 358 652 nos,
390 591 487 653 quam
519 569 606 633 dicat
637 569 796 652 Epicurus
827 569 1035 651 voluptatem.
1093 569 1188 645 Quod

178 658 306 742 quidem
329 657 410 721 mihi
434 657 611 741 siquando
635 657 756 720 dictum
779 659 829 720 est
851 655 915 743 (est
934 659 1042 720 auteffl
1065 656 1187 720 dictum

177 769 243 810 non
270 768 384 830 parum
412 743 534 831 saepe),
562 745 623 809 etsi
650 745 729 808 satis
760 744 898 809 clemens
923 766 994 808 sum
1021 745 1057 808 in
1080 744 1187 828 dispu·
1205 771 1225 810 5

177 834 290 917 tando,
317 837 428 898 tamen
454 833 616 897 interdum
644 833 732 898 soleo
760 833 927 898 subirasci.
976 832 1090 916 Egone
1120 855 1188 898 non

178 923 347 1008 intellego,
375 921 452 1006 quid
479 922 522 985 sit
548 916 655 1004 ἡδονή
684 919 817 1004 Graece,
847 919 960 985 Latine
982 921 1187 1004 voluptas?

177 1014 283 1074 utram
305 1009 436 1074 tandem
458 1010 604 1094 linguam
626 1008 756 1074 nescio?
780 1009 891 1073 deinde
915 1008 970 1092 qui
992 1008 1042 1092 fit,
1065 1012 1102 1072 ut
1125 1029 1187 1094 ego

177 1099 333 1179 nesciam,
356 1099 460 1162 sciant
484 1119 609 1182 omnes,
636 1098 827 1182 quicumque
854 1096 1006 1180 Epicurei
1034 1118 1103 1161 esse
1129 1120 1187 1162 vo-

178 1186 327 1250 luerunt?
377 1185 469 1262 Quod
496 1187 595 1250 vestri
623 1186 751 1270 quidem
779 1186 831 1249 vel
859 1185 981 1268 optime
1009 1184 1240 1268 disputant,1o

176 1274 258 1338 nihil
290 1295 370 1357 opus
408 1295 478 1338 esse
515 1295 600 1358 eum,
636 1274 848 1358 philosophus
886 1273 942 1356 qui
973 1272 1101 1337 futurus
1135 1274 1188 1357 sit,

179 1362 259 1426 scire
290 1363 426 1426 litteras.
483 1360 597 1447 Itaque
629 1366 666 1426 ut
698 1363 836 1426 maiores
868 1361 973 1425 nostri
1006 1361 1047 1424 ab
1078 1365 1186 1426 aratro

178 1449 376 1514 adduxerunt
403 1447 631 1514 Cincinnatum
658 1450 765 1531 illum,
793 1453 829 1513 ut
852 1449 991 1513 dictator
1014 1452 1112 1531 esset,
1139 1450 1187 1514 010

176 1559 233 1602 000
261 1537 300 1602 de
331 1539 425 1624 pagis
459 1539 608 1603 omnibus
641 1537 793 1621 colligitis
821 1537 922 1601 bonos
950 1537 1025 1602 illos
1058 1537 1187 1620 quidem

125 1647 157 1696 13
178 1626 279 1708 viros,
297 1627 354 1690 sed
372 1629 457 1690 certe
475 1648 541 1690 non
559 1626 770 1709 pereruditos
806 1625 894 1708 Ergo
914 1624 964 1688 illi
982 1625 1186 1710 intellegunt,
1204 1651 1235 1691 15

177 1714 254 1797 quid
285 1712 443 1796 Epicurus
472 1714 571 1797 dicat,
605 1736 667 1800 ego
698 1735 764 1778 non
795 1713 971 1797 intellego?
1025 1711 1071 1776 Ut
1103 1713 1186 1776 scias

176 1823 227 1865 me
250 1802 449 1909 intellegere,
472 1802 612 1884 primum
634 1802 720 1865 idem
739 1822 808 1864 esse
832 1800 903 1865 dico
927 1801 1187 1884 voluptatem,

177 1890 263 1972 quod
281 1891 337 1953 ille
355 1885 495 1971 quovriv.
526 1888 571 1952 Et
589 1889 717 1973 quidem
737 1909 833 1970 saepe
851 1889 1033 1972 quaerimus
1052 1888 1187 1953 verbum

175 1975 327 2041 Latinum
354 1998 414 2061 par
442 1975 578 2059 Graeco,
606 1985 638 2041 et
664 1976 748 2060 quod
770 1976 855 2040 idem
877 1976 998 2060 valeat3
1027 1975 1080 2039 hic
1102 1976 1185 2040 nihil
1277 2013 1278 2020 1

176 2064 250 2148 fuit,
287 2065 371 2148 quod
407 2086 638 2146 quaereremus,
702 2062 835 2128 Nullum
877 2063 1014 2128 inveniri
1050 2065 1185 2128 verbum
1201 2092 1233 2130 20
1277 2113 1278 2120 1

176 2155 292 2236 potest,
311 2151 395 2236 quod
413 2151 517 2236 magis
536 2153 620 2217 idem
640 2153 781 2217 declaret
801 2151 934 2234 Latine,
948 2150 1034 2235 quod
1055 2149 1185 2235 Graece,

176 2263 274 2325 quam
307 2240 450 2304 declarat
480 2241 673 2323 voluptas.
726 2239 810 2304 Huic
842 2239 940 2304 verbo
973 2261 1098 2322 omnes,
1130 2241 1186 2324 qui

175 2328 292 2412 ubique
321 2331 409 2412 sunt,
436 2328 491 2412 qui
522 2326 637 2392 Latine
670 2329 787 2411 sciunt,
819 2329 897 2391 duas
929 2348 980 2391 res
1014 2328 1186 2411 subiciunt,
1277 2401 1278 2406 η

176 2416 334 2481 laetitiam
355 2416 390 2480 in
413 2416 536 2499 animo,
560 2418 810 2482 commotionem
828 2437 958 2480 suarem
976 2416 1184 2480 iucunditatis
1277 2415 1278 2422 '

176 2504 210 2568 in
233 2525 375 2587 corpore.
410 2503 497 2568 Nam
522 2508 555 2568 et
573 2505 629 2568 ille
649 2505 733 2588 apud
752 2503 910 2568 Trabeam
934 2501 1185 2587 ‘voluptatem
1201 2530 1231 2569 25

177 2593 297 2656 animi
329 2591 498 2656 nimiam'
530 2593 691 2658 laetitiam
719 2593 797 2657 dicit
824 2590 971 2674 eandem,
1004 2613 1100 2676 quam
1129 2591 1186 2655 ille

178 2677 394 2762 Caecilianus,
427 2681 482 2763 qui
515 2679 703 2746 ‘omnibus
732 2679 902 2746 laetitiis
930 2678 1083 2743 laetum’
1116 2701 1186 2744 esse

176 2789 210 2832 se
241 2771 362 2832 narrat.
417 2765 480 2832 Sed
507 2768 569 2834 hoc
596 2771 743 2847 interest,
776 2767 861 2852 quod
888 2767 1038 2851 voluptas
1070 2767 1187 2832 dicitur

176 2856 274 2920 etiam
306 2857 341 2920 in
374 2856 482 2921 animo
515 2854 647 2942 (vitiosa
677 2879 743 2940 000,
775 2860 812 2920 ut
844 2855 945 2920 Stoici
971 2858 1102 2939 putant,
1131 2857 1187 2938 qui

176 2965 246 3008 eam
283 2945 329 3009 sic
366 2944 535 3010 definiunt:
573 2945 789 3010 sublationem
821 2944 919 3008 animi
957 2944 1025 3007 sine
1059 2943 1185 3008 ratione
1201 2970 1230 3010 ao

176 3032 340 3116 opinantis
368 3055 403 3098 se
431 3053 549 3118 magno
577 3032 662 3098 bono
689 3029 785 3118 frui),
817 3053 883 3096 non
915 3031 1033 3095 dicitur
1060 3032 1187 3096 laetitia

124 3142 157 3190 14
175 3143 234 3185 nec
258 3121 411 3206 gaudium
438 3121 473 3185 in
500 3141 642 3202 corpore.
687 3120 726 3184 Iu
750 3141 787 3184 00
816 3122 924 3183 autem
946 3120 1096 3204 voluptas
1120 3142 1187 3184 om-

175 3209 264 3273 nium
289 3208 404 3273 Latine
424 3209 625 3291 loquentium
644 3229 733 3272 more
752 3207 897 3292 ponitur,
920 3228 993 3272 cum
1011 3209 1188 3291 percipitur

176 3319 227 3380 ca,
255 3318 336 3381 quae
366 3317 495 3360 sensum
519 3295 660 3378 aliquem
683 3299 825 3373 moveat,
856 3295 1048 3360 iucunditas.
1093 3296 1187 3361 Hanc

175 3406 301 3468 quoquc
324 3384 569 3466 iucunditatem,
597 3384 626 3448 si
647 3384 710 3468 ris,
732 3382 873 3448 transfer
894 3383 929 3447 in
952 3385 1108 3468 animum3
1132 3385 1187 3447 iu·
1201 3409 1228 3449 00
1277 3381 1278 3386 ’

174 3494 264 3537 vare
292 3473 377 3536 enim
405 3471 439 3535 in
461 3474 598 3554 utroque
622 3471 753 3556 dicitur,
777 3493 820 3537 ex
844 3493 946 3556 eoque
968 3471 1187 3556 iucundum,

174 3559 270 3623 modo
295 3559 468 3644 intellegas
490 3560 575 3624 inter
597 3561 703 3640 illum,
727 3559 781 3643 qui
805 3560 905 3624 dicat:
990 3551 993 3558 ’
1062 3560 1071 3577 “
