2470 3962
165 255 210 322 20
470 241 730 310 Anaunnnrun
748 255 815 310 rra.
835 257 869 311 11.

165 433 222 472 non
240 415 349 487 possint
367 429 401 470 er
419 431 466 483 eo,
490 415 564 469 unde
581 431 638 469 non
656 416 712 469 sint
730 416 764 484 (c.
784 421 799 468 6
819 417 912 484 extr),
936 431 991 482 qua
1013 413 1042 468 in
1060 430 1092 468 re
1118 415 1197 468 tota

120 505 126 513 ¹
166 485 356 543 controversia
374 485 474 556 agitur.
516 484 597 541 Initio
616 485 692 540 facto
711 503 728 540 a
746 485 870 540 sensibus
890 485 1012 540 ostendit
1029 499 1099 538 vera
1119 500 1194 538 esse

166 560 197 612 et
213 560 290 612 certa
307 556 412 611 iudicia
430 571 573 623 sensuum,
597 555 700 624 quippe
724 555 809 609 nullis
830 555 1000 610 valetudinis
1021 555 1193 608 aliarumve

165 645 258 686 rarum
275 625 483 697 impedimentis
500 625 701 693 laborantium,
715 624 883 695 ¹praesertim
901 626 925 680 si
943 642 987 680 ars
1006 623 1193 680 adhibeatur

167 701 197 754 et
214 697 385 753 exercitatio.
414 697 457 750 Ex
473 697 518 750 his
536 695 623 765 igitur
640 695 707 750 visis
727 695 794 750 oriri
812 691 937 765 ἐννοίας,
954 695 1083 762 notitiam
1105 711 1192 764 quae

167 769 192 824 si
215 768 304 823 falsae
322 769 371 821 aut
397 767 520 822 incertae
544 767 611 834 sint,
635 781 746 820 omnem
767 783 860 820 rerum
882 768 912 822 et
934 766 1128 836 cognitionem
1156 768 1192 819 et

165 839 331 894 memoriam
343 837 415 893 tolli.
439 836 559 892 Maxime
573 853 640 891 vero
655 836 790 891 virtutum
803 836 991 906 cognitionem
1005 837 1189 891 documento

166 921 227 964 esso
244 910 334 963 multa
353 911 382 962 et
398 907 598 977 comprehendi
614 923 695 977 posse
713 910 743 961 et
759 907 873 978 percipi.
901 907 977 977 Ergo
991 907 1016 962 si
1034 907 1082 976 qui
1102 924 1189 962 oom-

166 977 301 1050 prehendi
320 978 471 1046 quidquam
489 994 571 1048 posse
589 981 706 1048 negent,
731 995 778 1032 eos
800 977 810 1030 i
831 995 891 1032 sam
913 977 1047 1032 virtutem
1065 977 1188 1042 tollere,

165 1051 251 1104 immo
275 1048 364 1104 vitam
382 1049 506 1102 evertere
524 1047 650 1102 funditus
669 1050 698 1103 et
716 1047 761 1102 an'
838 1049 931 1102 animo
950 1049 1048 1102 orbare
1068 1051 1104 1117 (c.
1125 1054 1186 1102 'l—

168 1121 220 1188 10).
248 1118 356 1174 Deinde
374 1121 404 1173 et
420 1119 521 1172 hornm
533 1118 615 1173 reicit
629 1117 809 1187 sententiam,
828 1118 876 1186 qni
890 1120 997 1172 certum
1015 1133 1074 1172 esse
1095 1117 1186 1186 quid-

165 1187 1172 1315 retransmisissemaristaenete

165 1329 227 1384 veri
244 1328 363 1384 iudicari
381 1346 437 1384 non
454 1329 552 1398 possit,
572 1332 601 1384 et
619 1347 714 1384 eornm
731 1328 877 1398 rationem,
896 1329 944 1398 qui
961 1330 1094 1400 percepta
1112 1347 1185 1384 cnm

166 1401 278 1469 negent,
292 1400 440 1470 perspicua
452 1399 621 1469 largiuntur3
636 1415 726 1469 neque
740 1399 815 1454 enim
828 1400 1005 1470 perspicuum
1018 1416 1079 1454 esse
1095 1399 1184 1467 qnid·

168 1487 251 1538 quam
273 1477 367 1539 posse,
389 1489 415 1525 v.
440 1487 463 1524 c.
487 1487 569 1524 nvem
591 1471 684 1524 albam
707 1486 779 1538 esse,
804 1471 914 1537 quando
933 1470 1058 1525 accidere
1075 1469 1182 1539 possit,

166 1543 198 1594 ut
212 1540 310 1594 eadem
328 1541 365 1595 sit
381 1540 464 1610 nigra
479 1542 511 1610 (c.
528 1544 659 1609 10-11).
688 1539 824 1606 Quoniam
838 1542 933 1595 autem
947 1539 1091 1611 perceptio
1111 1557 1182 1594 cum

167 1610 330 1666 adsensione
349 1611 497 1666 coniuncta
520 1611 569 1676 sit,
593 1611 665 1665 hanc
688 1611 771 1665 docet
793 1627 852 1666 esse
877 1610 1061 1666 certissimam
1083 1627 1107 1664 c.
1134 1615 1179 1663 12.

166 1681 217 1734 His
236 1680 385 1750 disputatis
400 1683 429 1736 et
443 1681 577 1750 expositis
595 1684 629 1751 (c.
645 1683 689 1750 13)
708 1681 794 1735 totius
808 1681 1038 1736 Academicorum
1055 1680 1180 1736 rationis

165 1751 356 1806 fundamentis
384 1751 506 1806 ostendit
528 1755 577 1806 ant
599 1766 695 1807 eornm
716 1749 957 1820 ratiocinationes,
981 1750 1081 1820 quibus
1103 1750 1180 1804 nihil

167 1821 366 1892 comprehendi
391 1822 575 1890 contendant,
602 1821 721 1876 incertas
744 1838 804 1877 esse
832 1823 881 1876 aut
907 1822 1009 1876 fulsum
1030 1821 1074 1889 id,
1099 1821 1180 1890 quod

167 1892 312 1961 disputent
325 1895 358 1961 (c.
375 1895 426 1959 ll).
456 1891 511 1945 Sed
524 1895 556 1946 ut
573 1907 655 1960 pares
674 1909 732 1946 esse
746 1889 919 1947 Academicis
932 1893 1071 1961 possimus
1083 1908 1178 1960 neque

166 1980 184 2016 a
200 1962 319 2017 veritate
337 1961 535 2030 desciscam,
557 1977 670 2016 necesse
689 1979 749 2016 esse
768 1962 872 2031 primo,
900 1979 972 2030 qnae
994 1980 1045 2031 pro
1067 1963 1177 2032 perspi-

167 2031 272 2085 cuitate
289 2031 451 2100 responderi
467 2032 588 2101 possint,
611 2034 706 2086 tenere
724 2049 788 2100 nos,
807 2032 907 2086 deinde
926 2033 1059 2103 captiosis
1078 2049 1177 2088 eorum

166 2101 432 2171 interrogationibus
460 2118 603 2156 occurrere
632 2105 665 2172 (o.
696 2105 749 2172 15).
789 2103 887 2170 Itaque
916 2103 1060 2172 explicatis
1088 2121 1111 2158 o.
1143 2109 1176 2156 15

166 2171 258 2226 tribus
271 2171 502 2226 Academicorum
520 2173 703 2242 argumentis,
723 2189 839 2241 quornm
857 2173 979 2243 primum
997 2176 1026 2228 et
1042 2173 1177 2228 ultimum

167 2242 211 2296 est
233 2258 321 2312 genus
343 2241 415 2295 illud
437 2242 640 2312 interrogandi,
665 2245 740 2312 qnod
763 2243 873 2298 Soriten
894 2247 1003 2298 veteres
1025 2244 1176 2311 vocabant,

168 2311 267 2380 quibus
287 2313 456 2366 contendunt
472 2312 545 2366 nihil
562 2313 636 2367 inter
652 2313 713 2368 visa
733 2313 807 2368 falsa
830 2315 859 2366 et
880 2330 948 2368 vere
968 2313 1117 2382 interesse,
1140 2314 1176 2368 iis

167 2384 201 2450 (c.
218 2385 332 2442 16-18)
341 2382 494 2452 respondet
505 2384 634 2438 ettotam
647 2383 719 2438 illud
728 2401 815 2452 genus
828 2383 1020 2454 interrogandi
1029 2387 1177 2452 tamquam

166 2452 299 2507 vitiosum
316 2452 405 2508 reicit.
441 2453 492 2507 His
516 2451 632 2524 singulis
654 2454 754 2509 deinde
772 2455 924 2538 respondet
941 2453 1051 2523 Cicero,
1074 2457 1177 2524 postea

167 2540 252 2592 qnam
265 2523 356 2593 primo
370 2539 399 2578 se
408 2523 525 2579 Lucullo
537 2525 717 2580 excusaverat
731 2525 765 2578 de
778 2525 975 2594 philosophiae
988 2525 1176 2580 Academicae

167 2593 275 2662 studio,
302 2611 435 2664 magnum
459 2610 488 2649 se
516 2594 691 2664 opinatorem
718 2610 779 2650 esse
806 2595 948 2649 confessus
976 2597 1010 2664 (o.
1037 2601 1175 2663 20—21);

167 2663 267 2718 deinde
291 2664 325 2718 de
348 2663 482 2718 Antiochi
503 2664 533 2719 in
563 2665 716 2719 deserenda
738 2663 864 2720 Philonis
887 2665 1036 2736 disciplina
1057 2665 1175 2721 levitate

166 2733 257 2802 pauca
270 2733 379 2787 dixerat
392 2737 426 2804 (c.
441 2737 496 2805 aa).
519 2733 749 2790 Commemoratis
763 2750 829 2805 ergo
844 2751 1013 2791 summorum
1029 2737 1175 2792 hominnm

166 2802 393 2871 auctoritatibus,
421 2804 470 2871 qui
491 2804 562 2858 nihil
588 2805 658 2859 certi
680 2819 742 2859 esse
764 2807 960 2861 contenderint
982 2809 1016 2875 (c,
1039 2810 1175 2875 23—24),

167 2873 458 2928 sensunm'veritatem
475 2873 630 2945 impugnat.
661 2876 719 2928 Aut
731 2891 795 2930 oum
808 2876 929 2946 Epicuro
949 2877 1099 2932 dicendum
1113 2895 1175 2948 esse

167 2959 263 2998 sensus
285 2959 437 3011 numquam
459 2944 557 2999 fallere
579 2945 721 3000 hominem
744 2949 785 3014 et,
811 2947 835 3000 si
858 2947 945 3002 semel
970 2947 1084 3003 mentiti
1111 2949 1175 3017 sint,

166 3027 319 3082 numquam
340 3013 375 3068 iis
398 3015 568 3069 credendum
591 3017 642 3070 aut
663 3033 726 3070 oum
748 3017 864 3070 Lucullo
886 3018 943 3072 alia
961 3027 1100 3072 sensuum'
1114 3021 1175 3074 visa

166 3099 227 3140 osse
250 3101 329 3151 vera,
353 3083 410 3139 alia
432 3085 517 3151 faisen
541 3102 595 3153 qno
624 3089 735 3156 sumpto
761 3087 869 3142 nullam
896 3104 1026 3143 verorum
1052 3105 1071 3144 a
1097 3089 1174 3144 falsis

166 3154 414 3209 discernendorum
430 3157 527 3210 notam
545 3155 666 3224 relinqui
684 3159 719 3224 (c.
733 3159 866 3226 25-26).
904 3159 979 3213 Mala
993 3161 1090 3214 antem
1103 3161 1174 3215 illud

167 3224 254 3293 obici,
277 3223 402 3279 artificiis
420 3225 555 3280 adhibitis
573 3229 603 3282 et
620 3226 791 3297 cogitatione
809 3226 883 3282 effici
899 3244 996 3298 posse,
1014 3232 1047 3284 ut
1064 3230 1173 3286 intelle·

166 3311 265 3362 gamus
279 3294 362 3349 aliter
379 3311 423 3349 res
438 3311 498 3350 esse
518 3311 551 3350 ao
564 3297 721 3364 videantur,
739 3297 854 3364 somnia,
872 3297 922 3351 ubi
940 3299 1172 3369 evigilaverimus,

165 3365 238 3419 falsa
250 3365 353 3433 putari,
367 3365 430 3420 visa
442 3365 649 3422 vinolentorum
664 3368 693 3421 et
704 3368 881 3436 furiosorum,
899 3367 949 3422 nbi
964 3385 993 3422 se
1007 3373 1171 3441 receperint.

166 3433 239 3488 Nam
258 3434 292 3490 de
314 3435 367 3488 hoc
385 3453 441 3490 non
459 3437 609 3506 disputari,
632 3439 694 3507 sed,
718 3437 812 3504 qualia
834 3439 905 3492 haec
922 3437 1084 3510 videantur,
1110 3459 1172 3497 cum

166 3503 328 3573 videantur,
345 3505 376 3559 id
394 3507 497 3575 quaeri.
525 3507 589 3562 Non
603 3507 677 3561 enim
691 3523 752 3561 esse
771 3507 899 3573 dubium,
919 3507 994 3576 quin,
1015 3527 1079 3566 oum
1097 3513 1171 3567 vide-

167 3574 261 3642 antur,
283 3576 448 3647 probentur,
476 3593 509 3632 ex
536 3593 591 3645 quo
619 3576 756 3643 efficiatur
778 3577 851 3632 inter
872 3577 933 3632 visa
959 3594 1027 3634 vera
1049 3583 1081 3636 et
1102 3583 1172 3638 falsa
