2544 3952
159 240 226 304 410
355 236 652 294 TUSCULANARUM
670 235 972 293 DISPUTATIONUM

159 402 284 466 caelum
311 401 377 466 ista
402 400 488 484 ipsa,
515 420 611 484 quam
638 421 695 464 vos
727 398 926 465 iracundiam
959 420 1029 464 esee
1060 400 1184 482 vultiS,

160 488 291 553 sustulit
322 488 493 572 fortitudo,
528 490 690 552 iratumne
726 508 837 552 censes
873 487 1057 552 conflixisse
1096 509 1181 552 cum

158 571 375 660 Erymanthio
398 598 476 660 apro
501 580 557 640 aut
579 576 672 640 leone
690 573 875 640 Nemeaeo?
899 597 941 639 an
964 576 1063 640 etiam
1087 574 1180 640 'Phe-

159 686 232 729 seus
266 664 465 730 Marathonii
501 664 587 728 tauri
619 684 740 727 cornua
777 663 1010 746 conprehendit
1043 664 1177 728 iratus?

157 751 255 837 Vide,
277 774 317 816 ne
335 751 492 816 fortitudo
510 751 643 816 minime
662 752 706 814 sit
723 751 854 815 rabiosa
873 750 978 835 sitque
1000 751 1174 816 iracundia
1193 775 1211 816 5

157 844 230 904 tota
255 840 408 905 levitatis.
457 837 570 922 Neque
597 838 684 903 enim
712 842 762 903 est
788 838 856 903 ulla
882 838 1053 924 fortitudo,
1086 861 1172 924 quae

159 927 295 992 rationis
320 931 369 992 est
392 949 514 1012 expers.

105 995 148 1060 23
226 1013 484 1081 contemnendae
503 1036 555 1079 res
573 1015 735 1079 humanae
754 1017 838 1098 sunt,
858 1013 1062 1099 neglegenda
1080 1036 1169 1080 mors

109 1072 221 1188 51est,
253 1103 405 1187 patibiles
438 1108 471 1168 et
502 1104 629 1168 dolores
657 1107 690 1166 ct
718 1102 846 1168 labores
878 1102 1025 1187 putandi.
1078 1102 1170 1167 Haec

158 1213 231 1256 cum
259 1193 435 1256 constituta
458 1195 533 1256 sunt
560 1190 679 1255 iudicio
702 1194 799 1274 atque
823 1191 996 1274 sententia,
1023 1195 1095 1255 tum
1119 1194 1171 1256 est
1188 1218 1221 1256 ιο

157 1280 292 1344 robusta
309 1279 367 1343 illa
386 1282 418 1344 et
436 1279 562 1344 stabilis
580 1279 752 1362 fortitudo,
769 1278 833 1342 nisi
850 1278 951 1361 forte,
973 1300 1056 1362 quae
1074 1279 1171 1344 vehe-

158 1370 296 1447 menter,
320 1367 448 1450 acriter,
472 1367 616 1431 animose
639 1367 734 1450 fiunt,
759 1366 911 1430 iracunde
932 1366 1003 1431 fieri
1027 1367 1170 1450 suspica-

157 1477 238 1520 mur.
278 1453 360 1519 Mihi
382 1477 423 1520 ne
446 1451 554 1538 Scipio
578 1453 707 1538 quidem
730 1454 786 1518 ille
808 1454 965 1540 pontufex
987 1475 1171 1538 maxumus,

158 1544 214 1628 qui
239 1542 302 1607 hoe
329 1542 510 1609 Stoicorum
536 1563 649 1607 verum
676 1563 746 1606 esee
773 1541 962 1626 declaravit,
990 1565 1170 1629 numquam

157 1631 320 1714 privatum
353 1653 423 1696 esse
454 1627 647 1715 sapientem,
684 1631 787 1694 iratus
821 1629 949 1694 ridetur
984 1630 1085 1696 fuisse
1118 1631 1170 1696 Ti.
1186 1659 1217 1700 15

158 1718 305 1785 Graccho
323 1723 403 1802 tum,
421 1740 494 1784 cum
509 1718 675 1783 consulem
693 1717 902 1802 languentem
919 1718 1052 1803 reliquit
1070 1723 1171 1804 atque

157 1808 228 1892 ipae
254 1807 414 1891 priuatus,
441 1810 479 1872 ut
505 1806 533 1870 si
555 1806 672 1870 consul
700 1809 798 1889 esset,
827 1805 881 1888 qui
908 1827 977 1870 rem
1003 1807 1171 1890 publicam

104 1916 138 1966 52
158 1896 282 1961 salvam
309 1917 379 1960 ease
406 1894 539 1978 vellent,
567 1915 601 1958 se
625 1894 716 1978 sequi
738 1894 844 1958 iussit.
888 1891 1024 1978 Nescio,
1054 1896 1171 1978 ecquid

157 1985 221 2068 ipsi
238 2005 297 2048 nos
320 1983 450 2049 fortiter
472 1983 559 2046 inre
580 1982 713 2066 publica
734 1982 920 2065 fecerimus3
945 1983 972 2047 si
995 1982 1072 2066 quid
1092 1983 1171 2048 feci·

67 2096 75 2108 ·
158 2093 244 2156 mus,
273 2075 359 2136 certe
388 2072 464 2136 irati
492 2090 558 2136 non
584 2070 728 2134 fecimus.
773 2069 826 2134 An
853 2073 903 2134 est
932 2071 1102 2154 quicquam
1125 2071 1171 2135 si·
1187 2100 1218 2140 so

157 2159 266 2224 milius
294 2159 438 2224 insaniae
464 2180 563 2242 quam
589 2157 661 2222 ira‘l
690 2179 787 2244 quam
814 2157 896 2222 bene
921 2157 1046 2222 Ennius
1075 2158 1170 2224 ‘ini-

157 2245 269 2312 tium'
292 2247 375 2312 dixit
398 2244 611 2311 ‘insaniae'
657 2243 769 2330 Color,
795 2267 873 2329 uox,
901 2246 1000 2331 oculi,
1023 2246 1171 2330 spiritus,

157 2335 339 2418 inpotentia
361 2335 521 2400 dictorum
540 2355 577 2398 ac
598 2332 757 2399 factorum
779 2355 877 2419 quam
899 2339 1027 2416 partem
1044 2334 1171 2401 habent

158 2423 331 2488 sanitatis?
376 2422 461 2499 Quid
479 2421 607 2487 Achille
629 2421 801 2488 Homerico
824 2421 962 2505 foedius,
985 2422 1061 2508 quid
1078 2423 1169 2508 Aga·

157 2531 328 2576 memnone
358 2512 394 2574 in
422 2510 552 2595 iurgio?
606 2508 693 2574 Nam
724 2508 857 2574 Aiacem
889 2510 1017 2594 quidem
1047 2511 1096 2574 ira
1126 2513 1169 2576 ad
1185 2539 1212 2580 25

155 2599 300 2664 furorem
331 2601 531 2681 mortemque
558 2598 716 2681 perduxit.
769 2597 845 2663 Non
872 2599 972 2682 igitur
1003 2598 1169 2665 desiderat

156 2687 313 2752 fortitudo
341 2685 529 2750 advocatam
562 2687 774 2769 iracundiam3
807 2686 886 2750 satis
917 2691 968 2750 est
997 2686 1169 2771 instructa,

156 2778 284 2859 parata,
308 2778 432 2838 armata
449 2796 508 2859 per
526 2794 605 2838 sese.
636 2773 722 2839 Nam
739 2775 804 2838 isto
823 2773 952 2858 quidem
970 2775 1067 2840 modo
1089 2774 1169 2840 licet

156 2863 261 2928 dicere
277 2862 391 2927 utilem
404 2861 617 2930 vinulentiam
633 2862 673 2927 ad
687 2860 920 2946 fortitudinem,
934 2863 1048 2927 utilem
1067 2862 1168 2928 etiam

156 2951 362 3035 dementiam,
379 2951 466 3036 quod
484 2955 518 3015 et
534 2950 643 3014 insani
661 2953 694 3013 et
712 2949 792 3014 ebrii
805 2950 908 3014 multa
926 2949 1051 3015 faciunt
1069 2973 1167 3035 saepe
1183 2978 1209 3018 eo

155 3038 386 3106 vehementius.
433 3037 566 3123 Semper
587 3036 672 3101 Aiax
694 3037 802 3121 fortis,
831 3037 1028 3104 fortissimus
1055 3041 1168 3104 tamen

155 3128 190 3192 in
212 3127 330 3193 furore.

220 3213 317 3281 Nam
349 3214 498 3281 licinus
529 3213 629 3278 fecit
660 3214 874 3298 maximum,
907 3237 989 3280 cum
1018 3213 1166 3280 Danais

790 3302 1078 3369 inclinentibus

222 3389 412 3456 Summa‘m
443 3411 521 3455 rem
548 3387 728 3474 perfecit,
755 3409 866 3455 manu
893 3392 960 3455 sua
988 3391 1167 3455 restituit
1265 3429 1266 3446 ι

884 3479 1076 3562 proelium
1265 3491 1266 3540 l

104 3585 107 3599 ·
221 3564 433 3632 Insaniens.
1178 3592 1204 3634 es
