2574 3956
341 203 409 260 ΜΒ.
427 203 461 260 11.
491 203 568 259 car.
589 211 635 272 11,
656 211 696 258 ra.
724 185 879 270 §aa-as.
1056 203 1117 267 137

107 365 203 430 neadi
226 365 291 430 frui
308 365 477 449 principiis
496 366 699 430 naturalibus
720 369 806 430 esset
825 368 1010 429 extremum.
1042 364 1175 448 Epi-12

109 475 204 519 eurus
224 457 331 518 autem
352 475 424 518 cum
443 454 477 517 in
499 455 606 537 prima
624 453 901 518 commendatione
920 453 1119 536 voluptatem

109 541 258 624 dixisset,
281 541 309 604 si
333 563 417 624 eam,
441 563 536 624 quam
554 541 755 624 AristippuS,
778 540 864 604 idem
884 544 990 604 tenere
1009 541 1124 605 debuit

109 629 262 694 ultimum
289 629 461 712 bonorum,
490 629 575 713 quod
601 629 671 710 ille3
699 630 749 693 sin
776 650 860 711 eam,
890 649 986 713 quam
1008 626 1121 692 Hiero-

83 739 245 800 enymus,
267 715 399 781 fecisset
420 715 519 799 idem,
542 720 579 781 ut
596 717 796 801 voluptatem
816 717 906 781 illam
932 715 1118 798 [Aristippi]

108 805 144 868 in
166 805 275 889 prima
297 804 574 869 commendatione
597 807 741 888 poneret.

176 978 262 1044 Nam
291 979 376 1064 quod
403 980 451 1044 ait
479 981 626 1046 sensibus
653 979 733 1064 ipsis
760 978 894 1044 iudicari
919 980 1120 1063 voluptatem
1139 997 1174 1045 ao

109 1069 232 1132 bonurn
260 1089 344 1150 esse,
377 1067 521 1132 dolorem
547 1068 683 1151 malum,
715 1068 787 1150 plus
818 1067 932 1131 tribuit
964 1067 1121 1150 sensibus,

109 1177 208 1240 quam
234 1155 328 1219 nobis
351 1156 440 1239 leges
463 1156 668 1239 permittunt,
695 1176 764 1220 cum
791 1155 990 1239 privatarum
1012 1155 1120 1219 litium

69 1270 96 1308 ro
110 1244 232 1308 iudices
260 1265 379 1308 sumus.
427 1241 519 1306 Nihil
551 1245 637 1307 enim
667 1265 838 1326 possumus
872 1243 1026 1326 iudicare,
1057 1242 1121 1307 nisi

110 1332 196 1415 quod
220 1334 269 1394 est
290 1331 394 1395 nostri
417 1330 537 1396 iudicii.
572 1330 611 1395 In
633 1335 696 1414 quo
719 1330 841 1395 frustra
863 1331 983 1395 iudices
1005 1331 1120 1413 solent,

111 1442 185 1484 cum
217 1421 409 1483 sententiam
439 1419 665 1503 pronuntiant,
698 1418 825 1483 addere:
859 1417 902 1482 ‘si
929 1418 1020 1503 quid
1047 1420 1120 1483 mei

110 1506 250 1571 iudicii
274 1504 370 1570 est?¹
399 1505 434 1572 si
458 1507 544 1571 enim
565 1506 717 1572 nonfuit
739 1528 850 1571 eorum
872 1506 993 1589 iudicii,
1017 1505 1119 1570 nihilo

111 1595 217 1678 magis
253 1593 315 1659 hoc
350 1616 416 1660 non
453 1595 561 1660 addito
597 1594 677 1658 illud
713 1597 761 1659 est
794 1592 979 1658 iudicatum.
1036 1593 1120 1668 Quid
1231 1619 1233 1622 ¹

71 1709 97 1747 15
111 1683 255 1747 iudicant
274 1683 408 1746 sensus?
445 1681 547 1748 Dulce
567 1704 724 1765 amarum,
747 1681 816 1746 leve
835 1702 997 1764 asperum,
1019 1702 1119 1764 prope

111 1771 222 1854 longe,
249 1773 334 1834 stare
358 1792 499 1854 movere,
527 1771 719 1855 quadratum
746 1768 929 1834 rotundum.
974 1769 1121 1852 Aequam
1139 1787 1173 1834 37

14 1859 15 1922 1
111 1859 213 1942 igitur
234 1858 458 1942 pronuntiabit
485 1859 684 1922 sententiam
705 1858 788 1922 ratio
813 1856 957 1921 adhibita
980 1857 1121 1940 primum

14 1949 15 1958 ³
113 1945 291 2011 divinarum
313 1945 590 2030 humanarumque
609 1968 716 2010 rerum
740 1945 887 2027 scientia,
909 1967 990 2028 quae
1012 1947 1122 2028 potest

113 2033 271 2118 appellari
303 2034 364 2098 rite
397 2033 569 2118 sapientia,
601 2033 714 2098 deinde
747 2033 906 2098 adiunctis
938 2033 1121 2116 virtutibus,

14 2175 15 2178 ,
73 2146 100 2185 1ο
112 2143 192 2206 quas
225 2121 309 2184 ratio
340 2143 448 2186 rerum
480 2123 623 2186 omnium
655 2122 812 2199 dominas,
849 2125 887 2185 tu
917 2121 1121 2206 voluptatum

113 2209 270 2274 satellites
307 2213 339 2272 et
375 2210 541 2274 ministras
578 2231 648 2274 osse
684 2210 826 2292 voluisti3
868 2231 1003 2293 quarum
1040 2208 1120 2273 adeo

113 2297 257 2362 omnium
285 2297 444 2362 sententia
471 2297 697 2380 pronuntiabit
718 2298 858 2381 primum
882 2297 920 2360 de
946 2297 1122 2379 voluptate,

90 2412 92 2418 ’
112 2385 192 2449 nihil
213 2406 282 2448 esse
300 2385 329 2448 91
348 2384 424 2468 1091,
441 2407 507 2450 non
525 2386 620 2450 modo
644 2389 681 2448 ut
706 2386 776 2449 sola
793 2387 933 2466 ponatur
950 2385 985 2448 in
1003 2385 1121 2462 summi

112 2472 191 2537 boni
214 2472 300 2554 sede,
323 2494 420 2557 quam
438 2473 636 2556 quaerimuS,
660 2471 714 2536 sed
733 2494 773 2536 ne
791 2471 849 2535 illo
869 2471 997 2555 quidem
1016 2470 1121 2550 modo,

73 2584 100 2625 25
113 2564 150 2624 ut
181 2560 221 2623 ad
252 2559 454 2625 honestatem
487 2561 674 2644 applicetur.
727 2559 776 2624 De
807 2559 968 2623 vacuitate
1000 2557 1140 2633 dolorisx

113 2649 225 2712 eadem
249 2649 407 2712 sententia
430 2648 499 2712 erit.
541 2649 706 2712 Reicietur
729 2647 826 2710 etiam
850 2643 1039 2728 Carneades,
1061 2668 1120 2711 neo
1139 2664 1175 2713 38

14 2751 16 2834 j
112 2735 180 2800 ulla
208 2735 246 2799 de
275 2757 399 2800 summo
428 2736 619 2801 honoratio
644 2739 700 2800 aut
722 2734 900 2819 voluptatis
925 2757 991 2800 non
1014 2735 1121 2799 dolen-

14 2835 16 2880 ῑ
113 2823 184 2888 dive
211 2824 373 2907 particeps
401 2827 458 2888 aut
484 2824 662 2888 honestatis
687 2845 800 2907 expers
825 2824 1024 2906 probabitur.
1070 2823 1121 2887 Ita

112 2911 274 2994 relinquet
305 2912 398 2995 duas,
437 2911 475 2974 de
508 2912 624 2995 quibus
657 2913 755 2976 etiam
788 2915 883 2996 atque
916 2912 1014 2975 etiam
1046 2933 1121 2975 con-

73 3025 99 3064 so
114 2999 239 3063 sideret.
284 2998 352 3064 Aut
378 2999 463 3063 enirn
491 2999 612 3064 statuet
633 2999 716 3070 nihil
740 3020 809 3074 esse
835 3000 954 3064 bonum
977 3000 1041 3064 nisi
1063 2999 1120 3064 ho·

14 3121 16 3164 r
112 3092 255 3165 nestum,
285 3086 369 3151 nihil
401 3087 522 3151 malum
548 3089 612 3151 nisi
639 3093 746 3171 turpe,
773 3091 879 3151 cetera
906 3091 962 3152 aut
989 3086 1121 3152 omnino

112 3173 195 3238 nihil
222 3174 339 3238 habere
367 3175 521 3239 momenti
549 3179 604 3240 aut
630 3179 770 3256 tantum,
797 3179 833 3240 ut
862 3196 920 3240 neo
943 3173 1121 3258 expetenda

112 3284 171 3327 nee
197 3262 365 3347 fugienda,
392 3263 448 3327 sed
476 3263 622 3347 eligenda
649 3263 744 3328 modo
773 3268 830 3326 aut
856 3262 1017 3326 reicienda
1047 3262 1121 3344 sint,

113 3354 169 3415 aut
188 3355 363 3434 anteponet
382 3372 462 3434 eam,
481 3373 577 3434 quam
596 3373 668 3416 oum
686 3350 858 3416 honestate
872 3351 1122 3431 ornatissimam,

71 3464 98 3504 aa
112 3443 181 3503 tum
210 3439 309 3502 etiam
336 3438 415 3522 ipsis
443 3437 545 3502 initiis
572 3443 707 3504 naturae
736 3442 768 3503 et
798 3438 900 3502 totius
926 3437 1120 3520 perfectione

111 3525 197 3592 vitae
225 3526 457 3612 locupletatam
480 3526 610 3591 videbit.
662 3525 755 3602 Quod
778 3547 815 3592 eo
838 3525 992 3608 liquidius
1014 3526 1123 3608 faciet,
