2544 3952
155 209 223 276 384
352 210 650 266 TUSCULANARUM
667 210 970 266 DISPUTATIONUM

154 374 261 457 peius,
302 373 434 440 haerere
472 374 680 458 intellegant,
717 373 919 458 aegritudine
959 377 1166 457 premuntur3

154 463 245 528 nulla
267 463 352 526 enim
375 462 570 527 admiscetur
593 462 703 546 opinio
726 461 864 526 officiosi
891 462 1022 527 doloris.
1072 461 1167 546 Quid,

155 550 210 634 qui
232 571 298 614 ιιοιι
320 554 436 634 putant
458 550 633 634 lugendum
655 549 758 614 viris?
783 549 888 633 qualis
911 550 975 614 fuit
997 549 1034 625 Q.
1053 549 1166 616 Maxu·

113 719 115 724 ¹
155 659 226 702 mus
250 639 382 703 efferens
406 637 508 702 filium
532 637 746 720 consularem,
769 638 874 721 qualis
892 637 927 703 L.
945 638 1066 704 Paulus
1088 638 1167 704 duo-

155 726 215 790 bus
238 727 350 810 paucis
375 726 485 792 diebus
510 726 637 792 amissis
660 725 750 810 filiis,
774 727 879 809 qualis
901 726 944 790 M.
968 724 1050 792 Oato
1072 748 1197 810 prae-s

154 817 225 879 tore
254 814 423 900 designato
452 819 580 879 mortuo
608 814 690 897 filio,
717 813 827 898 quales
855 815 984 900 reliqui,
1017 836 1097 898 quos
1129 814 1168 878 in

100 912 135 960 71
156 900 388 968 Consolatione
420 902 628 988 conlegimus.
682 900 766 977 Quid
797 901 858 967 hos
890 902 979 970 aliud
1014 902 1168 986 placavit,

155 991 218 1055 nisi
250 990 335 1075 quod
365 991 488 1056 luctum
524 994 557 1054 et
588 1011 769 1055 maerorem
805 1012 876 1056 esse
907 1012 974 1055 non
1004 991 1169 1074 putabant

155 1078 240 1143 viri?
289 1078 378 1163 Ergo
406 1079 453 1162 id,
480 1079 566 1163 quod
593 1078 650 1143 alii
676 1081 800 1143 rectum
830 1078 1001 1162 opinantes
1025 1079 1168 1164 aegritu·

156 1166 224 1230 dini
252 1189 286 1230 se
314 1168 422 1231 solent
449 1167 577 1250 dedere,
604 1167 637 1231 id
665 1166 700 1230 hi
729 1171 823 1250 turpe
848 1168 1214 1251 putantesaegritu-1o

156 1255 263 1319 dinem
280 1255 500 1356 reppulerunt.
532 1253 584 1320 Ex
602 1277 666 1339 quo
685 1254 884 1340 intellegitur
901 1277 969 1321 non
986 1255 1022 1319 in
1038 1259 1168 1340 natura,

155 1343 243 1407 sed
234 1365 267 1406 ru
290 1343 443 1427 opinione
467 1365 538 1408 esse
561 1346 666 1428 aegnt
643 1344 807 1408 tudinem.

99 1435 144 1499 29
222 1429 345 1497 Contra
372 1431 482 1496 dicunt
468 1436 522 1497 tur
548 1432 641 1497 haec:
674 1431 754 1508 Quis
781 1437 849 1496 tam
872 1432 1069 1516 demens,u
1047 1435 1178 1498 utsua

154 1520 323 1585 voluntate
342 1504 508 1586 maereat?
531 1525 648 1586 natura
667 1519 772 1585 adfert
790 1520 949 1604 dolorem,
967 1522 1019 1585 cui
1037 1521 1169 1605 quidem

153 1607 308 1690 Crantor,
344 1608 509 1693 inquiunt,
549 1613 655 1674 vester
690 1608 866 1674 cedendum
901 1632 946 1693 pu
947 1613 1010 1692 tat,
1046 1609 1169 1693 premit
1184 1631 1212 1672 rs

153 1698 241 1762 enim
268 1701 364 1781 atque
392 1698 508 1780 instat,
533 1718 593 1762 nec
615 1696 723 1761 resisti
753 1701 870 1781 potest.
915 1697 1029 1782 Itaque
1053 1696 1168 1763 Oileus

153 1786 209 1850 ille
232 1786 317 1869 apud
340 1784 548 1868 Sophoclem,
571 1785 626 1870 qui
644 1785 932 1850 Telamonemt
875 1789 932 1850 ant
935 1808 973 1852 ea
995 1787 1033 1851 dc
1052 1785 1167 1852 Aiacis

154 1877 259 1938 morte
291 1874 476 1939 consolatus
509 1877 608 1956 esset,
644 1873 672 1938 is
709 1895 782 1938 cum
814 1873 991 1939 audivisset
1026 1874 1065 1939 de
1098 1897 1168 1958 suo,

154 1963 354 2027 fractast
305 1965 362 2028 est.
411 1959 460 2026 De
488 1961 579 2026 cuius
606 1966 805 2027 commutata
831 1962 1007 2028 montesio
1034 1963 1114 2027 dicit
1100 1967 1167 2028 t:ur

198 2085 275 2150 Nec
298 2087 385 2149 vero
407 2088 519 2150 tanta
541 2086 741 2168 praeditus
765 2086 962 2169 sapie‘ntia
1037 2069 1042 2094 ¹
1181 2109 1210 2150 so

199 2172 461 2258 Quisquamst,
498 2174 562 2258 qui
599 2173 762 2239 aliorum
794 2179 1014 2282 aerumnam
1045 2174 1165 2240 dictis

197 2351 281 2416 Non
304 2349 415 2432 idem,
438 2372 520 2415 curn
542 2351 701 2416 fortuna
723 2353 869 2415 mutata
890 2263 1075 2436 idlidtauld

200 2438 423 2521 convertat,
446 2439 555 2504 clade
579 2439 709 2503 subita
730 2439 936 2524 frangatur
960 2461 1040 2523 sua,

197 2527 248 2593 Ut
270 2526 340 2593 illa
363 2526 410 2592 ad
434 2527 533 2599 alios
558 2526 662 2592 dicta
685 2531 723 2592 et
744 2531 954 2612 praecepta
977 2529 1167 2594 excidant.
1209 2610 1212 2614 Ι

153 2667 242 2733 Haec
262 2690 334 2734 cum
358 2668 540 2750 disputant,
562 2667 624 2731 hoc
642 2667 775 2732 student
792 2668 930 2753 efficere,
952 2674 1089 2734 naturae
1108 2671 1165 2735 ob·
1179 2690 1208 2731 ιι

155 2757 227 2822 sisti
255 2757 344 2821 nullo
371 2755 468 2822 modo
496 2777 606 2840 posse,
634 2760 666 2820 et
693 2759 804 2821 tamen
826 2757 970 2822 fatentur
997 2758 1165 2842 puriores

154 2844 373 2929 aegritudines
402 2843 536 2928 suscipi,
566 2865 662 2928 quam
688 2848 806 2910 natura
833 2842 937 2929 cogat.
992 2845 1081 2922 Quae
1113 2853 1167 2912 est

153 2934 256 3019 igitur
279 2932 443 3016 amentia?
473 2937 511 2997 ut
532 2953 593 2998 nos
617 2954 741 3016 quoque
763 2933 849 2997 idem
873 2933 913 2996 ab
935 2933 1002 2998 illis
1024 2935 1165 3018 requira-

101 3039 133 3088 ιι
154 3044 234 3088 mus.
292 3020 354 3086 Sed
391 3022 500 3105 plures
537 3024 613 3085 sunt
649 3042 764 3086 causae
802 3021 997 3105 suscipiendi
1032 3022 1165 3090 doloris.

152 3109 297 3174 Primum
329 3110 386 3174 illa
418 3110 528 3195 opinio
561 3108 652 3190 mali,
684 3131 747 3193 quo
779 3109 848 3174 viso
882 3114 978 3194 atque
1006 3131 1164 3194 persuaso
1177 3132 1205 3173 co

154 3199 322 3282 aegritudo
346 3199 526 3282 insequitur
548 3199 744 3282 necessari03
773 3197 887 3263 deinde
910 3198 1010 3263 etiam
1032 3204 1164 3284 gratum

153 3287 288 3351 mortuis
307 3307 341 3350 se
359 3287 486 3368 facere,
502 3285 531 3350 si
552 3286 695 3370 graviter
712 3307 766 3352 cos
783 3287 930 3370 lugeant,
954 3287 1163 3354 arbitrantur.

152 3373 288 3439 Accedit
331 3373 518 3457 superstitio
553 3373 720 3439 muliebris
758 3374 929 3460 quaedam3
967 3376 1165 3442 existumant

153 3463 239 3526 enim
270 3462 319 3526 dis
352 3461 577 3526 inmortalibus
610 3483 644 3526 se
675 3461 803 3527 facilius
836 3463 915 3528 satis
947 3463 1105 3546 facturos,
1136 3466 1164 3532 si

153 3571 264 3615 eorum
286 3550 382 3635 plaga
404 3549 542 3634 perculsi
565 3549 710 3614 adflictos
735 3555 768 3616 s'e
792 3555 826 3616 et
843 3555 965 3617 stratos
988 3573 1058 3620 csse
1082 3553 1163 3620 iate·
1176 3573 1202 3616 ιι
