2574 3956
166 198 232 262 130
329 198 377 252 DE
395 197 540 253 FINIBUS
558 197 737 255 BOKORUM
756 199 803 253 ET
821 198 1005 256 MALORUM

164 380 213 442 re,
235 381 338 445 neque
357 365 466 424 tamen
488 359 602 424 dividit
620 361 735 425 verbis.
772 357 854 425 Cum
873 361 958 426 enirn
978 383 1049 426 eam
1067 361 1172 444 ipsam

165 447 379 532 voluptatem,
407 470 503 532 quam
530 448 649 513 eodem·
668 448 798 514 nomine
826 469 937 513 omnes
961 449 1175 534 appellamus,

164 537 275 600 laudat
302 537 382 603 locis
409 536 571 619 plurimis,
598 536 694 601 audet
720 535 824 601 dicere
850 558 892 601 ne
920 536 1076 620 suspicari
1105 537 1174 621 qui·

165 623 237 688 dem
269 645 304 688 se
333 625 438 690 ullum
465 624 586 689 bonum
614 624 792 689 seiunctum
820 625 861 688 ab
893 624 951 690 illo
981 624 1173 708 Aristippeo

164 731 281 796 genere
303 711 495 796 voluptatis,
519 715 614 796 atque
636 711 683 776 ibi
701 711 763 777 hoe
782 711 872 795 dieit,
894 713 951 776 ubi
974 712 1078 776 omnis
1102 713 1206 778 eiusa

164 803 214 864 est
241 801 344 866 oratio
372 798 410 864 de
438 821 563 865 summo
591 799 686 865 bono.
741 799 780 864 In
812 799 876 864 alio'
904 821 980 864 vero
1006 801 1105 884 libro,
1137 801 1173 865 in

164 909 227 972 quo
249 888 390 954 breviter
412 887 651 972 comprehensis
670 887 872 971 gravissimis
894 886 1061 953 sententiis
1079 889 1173 972 quasi

164 976 293 1040 oracula
320 975 457 1042 edidisse
485 976 662 1060 sapientiae
685 975 763 1039 dicit
749 978 817 1058 tur,
845 975 958 1040 scribit
979 976 1030 1040 his
1053 968 1177 1060 uerbis,

163 1085 244 1146 quae
275 1067 355 1129 nota
386 1063 448 1127 tibi
475 1063 633 1147 profecto,
661 1062 835 1148 Torquate,
862 1067 938 1128 sunt
964 1060 1051 1148 (quis
1083 1064 1171 1128 enim

162 1155 302 1215 vestrum
333 1172 399 1216 non
431 1151 560 1216 edidicit
593 1151 726 1252 Epicuri
758 1153 874 1253 κυρίας
906 1145 1018 1236 δόξας,
1053 1151 1088 1216 id
1120 1158 1171 1216 est
1188 1178 1219 1217 ro

163 1239 256 1322 quasi
283 1239 421 1303 maxime
448 1242 552 1321 ratas,
581 1240 655 1323 quia
683 1238 894 1324 gravissimae
922 1240 986 1304 sint
972 1239 1051 1304 tad
1076 1240 1171 1303 beate

162 1325 333 1390 vivendum
360 1327 502 1391 breviter
524 1289 708 1391 eiruntiatae
738 1330 866 1392 sentent
867 1324 962 1412 iae?)
1014 1327 1171 1391 Animad-

107 1428 141 1476 al
162 1416 250 1478 verte
273 1413 385 1498 igitur,
412 1418 538 1480 rectene
560 1414 644 1479 hane
668 1415 806 1479 sentent
781 1418 862 1479 t1am
884 1415 1088 1498 interpreter:
1117 1412 1172 1479 Si
1277 1423 1279 1538 4

132 1523 217 1584 ,ea,
254 1524 350 1586 quae
387 1506 477 1567 sunt
519 1503 733 1567 luxuriosis
774 1502 996 1567 efficientia
1035 1504 1171 1586 volup·
1278 1551 1279 1554 η

162 1593 299 1674 tatum,
322 1590 537 1657 liberarent
560 1612 623 1656 eos
646 1591 800 1655 deorum
824 1597 861 1654 et
885 1590 1022 1656 mortis
1046 1595 1083 1654 et
1105 1590 1170 1656 do·
1187 1617 1216 1656 15

161 1678 261 1742 loris
285 1681 385 1744 metu
409 1679 677 1762 docerentque,
700 1678 766 1762 qui
790 1681 920 1743 essent
939 1677 1040 1742 fines
1064 1678 1170 1762 eupi-

162 1765 342 1849 ditatum,
369 1767 469 1831 nihil
496 1767 740 1847 haberemus,
767 1767 862 1848 quod
890 1765 1171 1848 reprehendere-

161 1874 250 1930 111111,
280 1876 361 1919 cum
388 1855 556 1938 undique
580 1854 872 1937 ‘complerentur
895 1853 1170 1937 voluptatibus

160 1962 227 2005 nec
249 1941 438 2006 haberent
466 1941 547 2006 ulla
570 1944 745 2024 exparte
769 1941 920 2025 aliquid
943 1946 1011 2006 aut
1033 1941 1170 2006 dolens

161 2033 227 2093 aut
249 2049 416 2113 aegrum,
438 2029 476 2092 id
499 2032 559 2093 est
581 2033 707 2095 autem
730 2028 890 2094 malum?
1185 2056 1214 2094 ao

226 2115 297 2181 Hoc
319 2117 391 2181 loco
414 2121 523 2181 tenere
546 2138 580 2181 se
601 2117 744 2181 Triarius
766 2139 835 2182 non
856 2118 973 2200 potuit.
1017 2115 1171 2200 Obsecro,

159 2203 278 2287 inquit,
309 2203 484 2288 Torquate,
514 2204 595 2269 haec
627 2204 705 2269 dicit
736 2203 917 2288 Epicurus?
950 2203 1049 2291 (quod
1087 2205 1171 2270 mihi

160 2292 290 2376 quidem
310 2291 398 2356 risus
422 2295 485 2375 est,
508 2314 581 2357 cum
599 2292 710 2373 sciret,
733 2292 815 2357 velle
833 2297 943 2357 tamen
960 2294 1170 2358 confitentem

160 2380 270 2444 audire
298 2379 521 2464 Torquatum).
575 2379 621 2445 At
646 2381 702 2444 ille
732 2402 799 2444 non
829 2381 999 2464 pertimuit
1029 2401 1170 2465 saneque

160 2468 308 2533 fidenter:
348 2467 423 2533 Istis
452 2467 582 2552 quidem
609 2467 689 2551 ipsis
717 2467 836 2549 verbis,
862 2468 980 2553 inquit;
1008 2467 1063 2532 sed
1090 2468 1170 2552 quid
1184 2494 1211 2535 25

161 2556 293 2639 sentiat,
323 2577 388 2621 non
420 2557 564 2621 videtis·
605 2553 639 2620 Si
679 2555 745 2618 1111
776 2555 888 2637 sentit,
923 2557 1065 2640 inquam,
1103 2557 1170 2621 1111

160 2642 316 2724 loquitur,
338 2665 515 2725 numquam
533 2643 734 2727 intellegam,
753 2643 829 2726 quid
848 2645 980 2726 sentiat,
998 2643 1055 2708 sed
1071 2644 1170 2726 plane

160 2729 252 2811 dicit,
283 2730 369 2812 quod
401 2731 569 2815 intellegit.
618 2730 718 2813 quue
747 2733 775 2795 si
806 2731 854 2795 ita
882 2731 974 2813 dicit,
1005 2753 1071 2796 non
1097 2753 1170 2796 esse

160 2815 398 2900 reprendendos
421 2817 618 2894 luxuriosos,
646 2819 674 2881 si
702 2817 865 2902 sapientes
898 2818 976 2901 sint,
1008 2818 1087 2883 dicit
1114 2819 1170 2883 ab·

160 2905 264 2987 surde,
283 2903 434 2969 similiter
452 2909 484 2969 et
503 2905 531 2969 si
550 2904 636 2970 dicat
648 2927 715 2969 uon
728 2905 963 2989 reprendendos
982 2906 1168 2989 parricidas,
1181 2933 1209 2972 ao

161 2992 189 3056 si
211 3012 270 3056 nec
294 2991 401 3075 cupidi
424 2992 490 3056 sint
512 3014 569 3057 nec
598 2992 674 3057 deos
698 2996 844 3058 metuant
865 3015 923 3059 nec
947 2996 1085 3058 mortem
1107 3015 1168 3058 nec

159 3080 312 3146 dolorem.
370 3079 415 3143 Et
453 3083 562 3145 tamen
594 3080 671 3164 quid
703 3081 822 3146 attinet
857 3082 1029 3146 luxuriosis
1065 3081 1168 3145 ullam

160 3168 380 3252 exceptionem
408 3167 478 3232 dari
505 3171 561 3232 aut
589 3169 707 3253 fingere
731 3168 868 3252 aliquos,
898 3169 954 3252 qui
981 3191 1054 3234 cum
1076 3169 1168 3234 luxu·

159 3256 245 3321 riose
268 3255 428 3338 viverent,
450 3278 470 3320 a
493 3277 617 3320 summo
640 3256 836 3340 philosopho
854 3277 921 3322 non
941 3257 1168 3341 reprenderen·

107 3355 141 3403 aa
160 3347 214 3408 tur
232 3365 270 3410 eo
288 3343 418 3408 nomine
437 3343 618 3427 dumtaxat,
642 3347 748 3408 cetera
766 3343 937 3409 caverent?
974 3343 1036 3409 Sed
1058 3349 1208 3412 tamense

160 3452 265 3496 nonne
288 3430 509 3516 reprenderes,
531 3431 684 3515 Epicure,
707 3432 886 3497 luxuriosos
906 3432 1038 3497 obeam
1060 3433 1169 3516 ipsam

161 3539 303 3598 eausam,
327 3519 412 3603 quod
430 3520 478 3584 ita
495 3519 653 3603 viverent,
675 3523 713 3584 ut
731 3524 998 3603 persequerentur
1016 3520 1168 3605 cuiusque
