2564 3950
130 195 196 258 204
297 195 345 248 DE
364 193 507 248 FINIBUS
526 192 704 248 BONORUM
722 193 770 246 ΕΤ
788 191 970 247 MALOltUM
1003 189 1018 198 “

131 377 243 422 eorum
269 355 522 437 consolationes,
548 373 630 435 quae
654 351 905 434 cohortationes,
932 373 1014 434 quae
1037 352 1138 416 etiam

131 443 256 508 monita
283 446 316 506 et
344 441 478 506 consiliu
509 441 629 523 scriptu
657 439 698 503 ed
728 460 870 503 summos
901 439 1001 503 virosi
1054 438 1140 502 Erat

132 531 218 594 enim
250 529 335 612 upud
366 550 435 611 eos,
465 531 503 592 ut
535 529 584 592 eet
611 548 718 591 rerum
751 527 895 609 ipserum
926 529 1058 609 nature,
1090 528 1139 589 sic

133 617 258 682 dicendi
280 615 467 680 exercitatio
489 615 616 698 duplex.
664 613 765 696 Nem,
790 613 941 697 quicquid
964 613 1139 696 quaeritur,

132 705 167 768 id
187 704 288 769 hebet
310 708 367 768 eut
389 703 516 786 generis
538 701 642 786 ipsius
665 702 732 766 sine
755 702 902 785 personis
922 700 1166 784 temporibus-s

133 814 195 876 que
227 795 285 856 eut
315 792 356 854 iis
389 789 547 855 adiunctis
581 789 661 853 fecti
698 791 754 852 eut
788 788 867 852 iuris
904 792 961 852 cut
996 788 1137 852 nominis

133 879 396 944 controversiam.
440 876 529 962 Ergo
552 877 586 940 in
608 879 744 959 utroque
767 876 1010 958 exercebantur,
1036 897 1139 959 eaque
1271 881 1272 900 ¹

133 967 303 1050 disciplina
329 965 436 1030 effecit
462 967 590 1030 tentem
624 963 754 1028 illorum
784 966 921 1047 utroque
955 964 989 1028 in
1020 983 1148 1048 genere.

99 1054 260 1120 edicendi
288 1054 422 1137 copiam.
472 1051 591 1118 Totum
618 1071 719 1135 genus
747 1050 809 1116 hoc
836 1050 936 1134 Zeno,
963 1051 1072 1134 etqui
1095 1051 1138 1114 ab

134 1164 172 1207 eo
195 1144 284 1224 sunt,
306 1145 450 1206 autnon
471 1142 646 1223 potuerunt
669 1139 748 1203 tueri
770 1141 827 1202 eut
845 1139 1027 1220 noluerunt,
1050 1142 1138 1203 certe
1154 1165 1180 1203 ιο
1272 1185 1273 1212 ,

132 1230 340 1313 reliquerunt.
395 1227 596 1310 Quemquam
628 1226 757 1310 scripsit
798 1229 901 1290 ortem
941 1226 1138 1291 rhetoricam

134 1315 320 1399 Cleanthes,
343 1313 596 1398 Chrysippust
564 1313 675 1391 et,iem
699 1313 756 1378 sed
778 1313 838 1395 sic,
861 1318 911 1396 ut,
934 1314 963 1378 si
986 1313 1057 1396 quis
1080 1314 1137 1378 ch·

133 1407 311 1469 mutescere
334 1403 546 1486 concupierit,
567 1401 650 1465 nihil
673 1401 760 1466 aliud
778 1402 884 1485 legere
907 1399 1030 1466 debeet
1074 1400 1139 1466 It-

134 1513 194 1576 que
217 1491 321 1575 vides,
343 1511 406 1574 quo
429 1490 524 1554 modo
548 1489 683 1572 loquent
683 1510 730 1553 ur.
766 1487 859 1553 Nove
882 1489 980 1554 verba
1002 1490 1138 1574 fingunt,

134 1581 285 1644 deserunt
311 1579 441 1642 usitate.
490 1575 537 1642 At
565 1579 686 1660 quante
712 1598 816 1642 conen
817 1579 953 1640 turl-
982 1575 1138 1642 Mundum
1153 1603 1179 1643 15

70 1747 72 1750 Ι
133 1667 219 1732 huno
241 1688 368 1731 omnem
392 1664 545 1749 oppidum
569 1685 638 1730 esse
657 1667 805 1729 nostrum
838 1699 879 1710 -
902 1663 1014 1747 Vides,
1037 1686 1138 1748 quen·

133 1759 203 1819 tem
229 1775 297 1818 rem
325 1755 416 1838 eget,
442 1757 493 1836 ut,
520 1750 653 1817 Circeiis
681 1752 736 1836 qui
762 1714 898 1835 hehitet,
923 1756 1030 1818 totum
1051 1753 1139 1818 hunc

134 1841 289 1906 mundum
312 1863 406 1905 suum
424 1840 634 1924 municipium
652 1861 723 1904 esse
741 1839 973 1904 existimet—
992 1839 1139 1906 Incendit

134 1930 234 2014 igitur
262 1949 331 2010 cos,
358 1929 414 2012 qui
441 1928 654 1992 audiunt—
683 1925 788 2002 Quid?
815 1927 871 1991 ille
893 1928 1044 1993 incendet
1049 1928 1066 1992 l
1089 1949 1138 1992 re-

135 2018 279 2099 stinguet
297 1977 406 2097 citius,
428 2037 456 2079 s1
447 2014 640 2079 'ardentem
659 2013 826 2097 occeperit.
803 2012 912 2079 ttIs
897 2017 932 2079 te
953 2016 1034 2098 ipsa,
1056 2037 1138 2099 quae
1152 2043 1178 2082 so

134 2110 171 2167 tu
202 2102 355 2166 breviter:
386 2121 508 2185 regom,
540 2101 744 2185 dictatorem,
774 2102 906 2166 divitem
934 2104 1039 2168 solum
1068 2125 1139 2168 esse

136 2189 326 2289 sepientern,
362 2211 382 2254 e
411 2192 444 2252 te
482 2188 609 2270 quidem
642 2192 717 2272 apte
749 2210 786 2254 ec
817 2191 968 2275 rotunde3
1006 2192 1139 2275 quippe,

134 2277 234 2342 habes
253 2277 340 2340 enim
359 2299 378 2340 a
396 2275 593 2359 rhetoribus,
617 2277 748 2344 illorum
767 2298 843 2342 vero
862 2278 957 2344 iste
947 2300 1020 2362 rpsc
1043 2301 1141 2362 quum

136 2365 232 2430 exilia
264 2365 303 2429 de
335 2364 467 2428 virtutis
499 2364 546 2428 vil
575 2385 677 2516 quern
698 2367 824 2430 tentem
850 2366 963 2430 volunt
990 2388 1073 2447 esse,
1103 2372 1140 2432 ut

135 2453 267 2518 beatum
289 2474 347 2536 per
370 2473 404 2516 se
428 2451 552 2517 efficere
574 2453 685 2537 possit.
729 2451 882 2537 Pungunt
904 2455 997 2537 quusi
1019 2417 1139 2519 ucdleis
1153 2480 1180 2521 25

138 2542 145 2554 '
135 2540 455 2624 mterrogetiunculis
483 2543 645 2625 angustis,
677 2540 793 2623 quibus
822 2540 920 2604 etiem
952 2541 1006 2626 qui
1036 2563 1141 2608 essen-

136 2629 274 2710 tiuntur,
300 2628 383 2692 nihil
411 2631 650 2693 commutentur
680 2627 788 2692 enimc
820 2631 853 2692 et
884 2628 981 2692 iidem
1013 2629 1142 2713 abeunt,

137 2715 191 2798 qui
219 2720 462 2797 venerent31es
491 2715 576 2779 enim
603 2714 741 2780 fortasse
769 2736 877 2798 verce,
904 2719 989 2780 certe
1016 2737 1142 2801 graves,

135 2822 202 2866 non
219 2801 268 2864 ita
285 2805 370 2864 tract
372 2805 481 2885 entur,
503 2805 541 2864 ut
563 2800 693 2884 debent,
717 2803 772 2866 sed
791 2802 957 2886 aliquanto
976 2805 1141 2870 minutius

96 2875 118 2938 4
203 2885 353 2970 Sequitur
371 2850 547 2952 disserhndi
564 2888 648 2953 ratio
668 2890 874 2974 cognitioque
893 2894 1042 2976 neturee3
1064 2914 1140 2957 nem
1154 2917 1181 2958 so

102 2954 176 3040 8de
206 2996 332 3040 summo
360 2975 445 3039 bono
473 2995 561 3058 mox,
593 2979 630 3040 ut
657 2976 735 3060 dixi,
767 2977 946 3043 videbimus
978 2982 1011 3042 et
1038 2979 1078 3043 ed
1107 2979 1141 3043 id

136 3061 360 3147 explicandum
396 3062 647 3145 disputationem
680 3085 807 3129 omnem
839 3065 1048 3131 conferemus.
1104 3067 1143 3132 In

135 3151 187 3215 his
223 3150 323 3234 igitur
359 3150 506 3233 pertibus
544 3149 668 3218 duabus
703 3151 786 3216 nihil
823 3156 908 3236 eret,
939 3154 1023 3237 quod
1054 3154 1141 3218 Zeno

136 3241 333 3303 commutare
356 3237 500 3322 gestiret.
477 3237 609 3304 tRes
633 3239 718 3304 enim
747 3261 781 3302 se
802 3241 968 3322 praeclare
990 3240 1143 3325 habebat,

137 3325 356 3409 etquidem
347 3347 380 3388 in
404 3328 539 3410 utreque
567 3329 669 3408 porte
715 3325 800 3401 Quid
827 3327 913 3391 enim
935 3328 978 3392 eh
1001 3330 1091 3412 antiq
1091 3292 1143 3392 uid
1155 3353 1181 3394 es

136 3432 175 3474 ex
202 3433 240 3475 co
268 3432 398 3496 genere,
431 3412 516 3514 quod
545 3412 586 3476 ed
618 3413 837 3478 disserendum
869 3414 969 3498 valet,
1000 3351 1142 3498 preder-

135 3497 270 3562 missum
294 3499 365 3564 est?
392 3501 448 3584 qui
476 3503 510 3564 et
537 3498 727 3563 definierunt
713 3501 888 3583 tplurima
910 3503 944 3564 et
971 3501 1142 3567 definiendi
