2564 3950
175 174 240 237 242
336 173 385 227 DE
404 173 549 250 FINlBUS
566 170 746 226 BONORUM
764 171 811 225 ΕΤ
830 169 1012 226 MALORUM

175 337 213 401 de
237 359 362 401 summo
386 337 486 418 bono,
514 334 570 400 sed
597 338 677 418 quot
699 334 831 399 omnino
855 355 925 400 esse
955 337 1091 418 possent
1114 355 1186 399 sen-

174 425 304 489 tentiae.
348 424 501 508 Negabat
523 422 625 507 igitur
645 422 747 486 ullam
770 443 841 488 esse
865 425 981 505 artem,
1005 443 1088 508 quae
1110 421 1184 506 ipsa

175 536 195 577 a
222 535 256 577 se
283 512 552 596 proficisceretur3
580 511 699 575 etenim
731 532 857 594 semper
888 510 970 574 illud
1002 513 1094 576 extra
1126 513 1185 593 est,

175 601 260 684 quod
289 604 359 665 erte
386 597 675 682 comprehenditur.
725 597 818 663 Nihil
846 619 928 682 opus
956 601 1006 662 est
1029 598 1184 681 exemplis
1269 635 1270 666 i

174 688 236 754 hoe
254 688 359 753 facere
377 688 520 772 longius3
543 689 594 750 est
612 685 697 750 enim
714 686 919 769 perspicuum
937 685 1062 750 nullam
1080 689 1210 751 artemi

175 778 280 860 ipsam
311 776 346 840 in
378 797 412 839 se
443 774 580 858 versari,
616 773 672 838 sed
706 795 777 838 esse
808 774 897 839 aliud
929 777 1032 838 artem
1069 773 1185 857 ipsam,

176 865 275 946 aliud,
298 863 382 948 quod
405 862 608 946 propositum
636 862 680 925 sit
702 862 775 926 arti.
821 861 980 938 Quoniam
1002 862 1117 946 igitur,
1148 865 1186 924 ut

176 951 333 1016 medicina
373 950 582 1034 valetudinis,
622 949 839 1034 navigationis
881 950 1091 1034 gubernatio,
1138 948 1185 1013 sie

175 1040 304 1104 vivendi
328 1061 380 1104 ars
404 1043 453 1103 est
475 1031 661 1122 prudentia,
683 1058 814 1103 necesse
833 1041 884 1102 est
902 1059 973 1102 earn
996 1059 1122 1122 quoque
1142 1038 1184 1102 ab

122 1128 285 1212 malique
316 1149 350 1191 re
383 1148 452 1190 esse
484 1125 695 1191 constitutam
725 1128 757 1189 et
788 1125 978 1210 profectam.
1028 1123 1187 1191 Constitit
1201 1152 1226 1189 10

175 1220 283 1280 autem
311 1214 379 1278 fere
410 1214 495 1279 inter
527 1235 639 1278 omnes
674 1214 721 1297 id,
752 1213 786 1278 in
816 1236 879 1297 quo
911 1213 1082 1296 prudentia
1114 1234 1186 1276 ver-

176 1305 301 1366 saretur
330 1306 363 1366 et
389 1301 475 1384 quod
502 1303 630 1386 assequi
658 1302 767 1385 vellet,
800 1306 912 1386 aptum
942 1304 976 1365 et
1004 1321 1185 1366 accommo-
1271 1300 1272 1340 l

175 1389 286 1454 datum
316 1393 453 1454 naturae
483 1409 553 1453 esse
581 1392 729 1473 oportere
756 1392 790 1453 et
815 1390 895 1473 tale,
926 1393 962 1454 ut
991 1389 1099 1473 ipsum
1126 1409 1186 1472 per

175 1499 209 1542 se
230 1477 387 1542 invitaret
409 1481 443 1542 et
461 1477 606 1542 alliceret
623 1477 805 1561 appetitum
824 1478 937 1560 animi,
960 1497 1055 1562 quem
1075 1471 1186 1560 ὁρμήν

175 1565 290 1631 Graeci
313 1569 440 1631 vocant.
477 1565 560 1640 Quid
584 1568 692 1630 autem
711 1566 768 1650 sit,
791 1565 876 1650 quod
899 1566 946 1631 ita
969 1568 1098 1631 moveat
1121 1566 1183 1629 ita·
1199 1589 1225 1629 rs
1272 1633 1273 1658 ,

174 1677 236 1738 que
260 1677 279 1718 a
300 1658 418 1719 natura
444 1655 479 1717 in
505 1653 610 1738 primo
639 1656 712 1720 ortu
740 1657 926 1737 appetatur,
953 1675 1018 1718 non
1046 1657 1185 1734 constat,
1272 1673 1273 1712 l

175 1744 276 1829 deque
299 1764 337 1808 eo
361 1745 410 1807 est
432 1742 518 1806 inter
539 1741 765 1825 philosophos,
789 1763 861 1806 cum
883 1761 1044 1805 summum
1062 1741 1184 1804 bonum
1272 1747 1273 1750 ’

175 1832 365 1914 exquiritur,
389 1831 494 1895 omnis
518 1830 684 1894 dissensio.
728 1829 842 1894 Totius
871 1830 956 1894 enim
984 1829 1184 1913 quaestionis

175 1920 257 2003 eius,
285 1940 366 2004 quae
393 1918 530 1982 habetur
558 1917 597 1981 de
624 1917 743 1981 finibus
771 1918 930 1982 bonorum
959 1916 1185 1996 etmalorum,
1273 1977 1274 2006 3

175 2029 248 2071 eum
277 2006 443 2090 quaeritur
469 2005 504 2068 in
531 2004 596 2087 his,
624 2005 701 2088 quid
724 2006 767 2070 sit
790 2009 982 2088 extremum,
1010 2005 1086 2089 quid
1109 2004 1184 2068 ulti·
1199 2031 1226 2068 so
1273 2013 1274 2032 ³

175 2115 276 2176 mum,
298 2093 372 2158 lons
395 2092 601 2176 reperiendus
621 2097 683 2175 est,
706 2094 739 2158 in
763 2115 826 2176 quo
851 2093 917 2156 sint
940 2093 1045 2176 prima
1066 2093 1184 2156 invita·

175 2185 285 2246 menta
307 2185 457 2263 naturae3
480 2202 544 2263 quo
566 2180 699 2245 invento
718 2182 822 2245 omnis
838 2181 883 2245 'ab
903 2202 941 2244 eo
963 2180 1055 2264 quasi
1078 2181 1185 2263 capite

175 2270 214 2333 de
238 2269 472 2334 summobono
496 2271 529 2332 et
552 2268 639 2333 malo
662 2267 840 2352 disputatio
864 2268 999 2333 ducitur.

137 2362 154 2424 l
240 2356 428 2440 Voluptatis
457 2356 514 2420 alii
540 2356 681 2439 primum
709 2355 890 2440 appetitum
917 2360 1034 2439 putant
1056 2360 1089 2420 et
1119 2357 1185 2440 pri-

174 2446 260 2512 mam
301 2445 523 2529 depulsionem
559 2444 691 2527 doloris3
731 2445 926 2509 vacuitatem
967 2444 1089 2510 doloris
1127 2445 1184 2508 alii
1200 2470 1226 2510 25

176 2537 309 2599 censent
340 2533 481 2617 primum
510 2533 645 2597 ascitam
677 2538 711 2597 et
737 2533 878 2616 primum
904 2532 1099 2597 declinatum
1130 2531 1185 2597 do·

123 2644 156 2690 18
174 2623 291 2704 lorem3
324 2623 366 2686 ab
398 2622 441 2685 iis
474 2621 544 2703 alii,
580 2642 661 2704 quae
692 2622 797 2703 prima
829 2620 1001 2685 secundum
1032 2623 1185 2684 naturam

175 2710 356 2791 nominant,
384 2709 646 2792 proficiscuntur,
673 2708 708 2772 in
731 2709 846 2793 quibus
869 2711 1042 2773 numerent
1059 2707 1186 2773 ineolu-

175 2797 321 2860 mitatem
345 2798 684 2880 conservationemque
707 2796 852 2860 omnium
874 2798 1030 2879 partium,
1060 2797 1184 2860 valetu-

176 2885 295 2967 dinem,
333 2905 445 2949 sensus
482 2884 640 2970 integros,
682 2883 801 2950 doloris
843 2885 1055 2966 vacuitatem,
1096 2885 1185 2966 viris,
1199 2911 1226 2949 so

175 2972 460 3056 pulchritudinem,
484 2976 591 3036 cetera
606 2972 736 3056 generis
756 2971 912 3055 eiusdem,
935 2994 1072 3056 quorum
1095 2973 1185 3036 simi·

175 3061 219 3125 lia
246 3065 321 3126 sunt
347 3061 452 3144 prima
479 3060 515 3124 in
543 3060 658 3124 animis
688 3060 781 3144 quasi
807 3061 965 3124 virtutum
993 3060 1128 3145 igniculi
1153 3064 1186 3124 et

175 3150 307 3214 semine.
361 3149 411 3212 nx
442 3148 493 3212 his
524 3148 629 3212 tribus
657 3170 730 3212 cum
757 3170 856 3212 unum
884 3148 1006 3231 aliquid
1034 3148 1090 3230 sit,
1121 3169 1184 3232 quo

175 3238 313 3319 primum
340 3240 457 3301 natura
484 3241 651 3300 moveatur
678 3237 730 3300 vel
759 3235 799 3300 ad
830 3235 1045 3318 appetendum
1068 3237 1120 3298 vel
1145 3235 1184 3299 ad

174 3324 408 3408 repellendum,
436 3343 495 3387 nec
522 3323 692 3406 quicquam
716 3324 845 3388 omnino
867 3326 996 3406 praeter
1017 3323 1098 3386 haec
1120 3323 1223 3388 triaue

174 3412 280 3492 possit
302 3433 386 3490 esse,
409 3431 540 3475 necesse
564 3417 614 3473 est
636 3410 766 3474 omnino
792 3410 936 3475 officium
958 3415 1016 3474 aut
1037 3409 1185 3494 fugiendi

168 3502 232 3562 aut
264 3498 416 3583 sequendi
449 3497 489 3560 ad
517 3517 626 3562 eorum
656 3496 777 3581 aliquid
804 3497 931 3582 referri,
959 3502 997 3562 ut
1023 3498 1079 3562 illa
1110 3521 1184 3582 pru·
