2564 3950
320 215 388 271 ΜΒ.
407 217 428 270 1.
457 214 534 270 OAP.
553 221 675 270 ae-ar.
704 221 719 282 s
739 223 862 273 erese.
1031 218 1097 284 303

80 379 115 444 vi
144 379 241 443 fluere
276 377 495 443 abundantem
524 379 713 443 sonantibus
740 379 847 444 verbis
880 380 1097 465 uberibusque

81 467 262 532 sententiis.
294 465 522 550 Philosophia
545 488 633 545 vero,
663 467 807 532 omnium
835 471 940 532 mater
968 470 1096 554 artium,

13 627 14 632 η
82 555 161 642 quid
185 558 235 620 est
258 555 348 620 aliud
370 555 447 638 nisi,
470 558 506 619 ut
528 554 637 637 Puro,
664 554 798 638 donum,
824 559 862 620 ut
883 577 958 640 ego,
986 558 1097 622 inven-

13 639 15 720 i
81 648 155 708 tum
179 643 335 710 deorum?
379 643 469 708 Haeo
491 665 551 708 uos
581 644 723 727 primum
737 643 787 725 ⁸ad
809 644 940 709 illorum
963 646 1095 730 uultum,
1149 647 1151 652 ’

13 741 15 746 ’
50 731 199 798 edeinde
228 732 268 796 sd
295 731 346 796 ius
374 731 554 815 homiuum,
582 730 667 815 quod
698 731 797 796 situm
827 736 877 798 θεὴ
903 734 937 798 in
968 735 1094 818 generis

80 821 218 885 humaui
248 819 418 902 societate,
444 823 514 883 tum
543 819 584 884 ad
607 820 799 885 modestiam
824 821 1095 906 magnitudinem-

82 931 146 994 que
170 908 271 972 animi
293 907 445 989 erudivit,
468 908 642 992 eademque
666 909 707 973 ab
730 909 838 974 animo
861 913 1029 994 tamquam
1053 911 1093 975 ab

81 997 185 1062 oeulis
217 996 389 1080 caliginem
426 995 578 1080 dispulit,
614 1000 652 1061 ut
689 997 798 1062 omnia
829 1019 946 1081 supera
981 998 1095 1082 infera,

80 1085 191 1170 prima
212 1084 330 1148 ultima
352 1083 460 1149 media
482 1084 671 1150 rideremus.
724 1083 860 1151 Prorsus
883 1086 963 1151 haee
985 1087 1094 1152 divina
1113 1099 1147 1148 ee

37 1173 165 1240 mmihi
184 1172 312 1237 videtur
329 1173 393 1254 vis,
417 1193 499 1256 quae
521 1176 573 1237 tot
590 1194 641 1237 res
661 1172 782 1238 efficiet
803 1177 836 1238 θὴ
857 1178 974 1240 tentas.
1012 1174 1095 1251 Quid

81 1265 134 1326 θεὴ
161 1261 248 1325 enim
276 1261 434 1326 memoria
460 1283 568 1326 rerum
595 1265 640 1337 et
663 1262 857 1326 verborum?
888 1263 966 1346 quid
996 1285 1095 1349 porro

79 1349 250 1415 inventio?
298 1347 448 1414 Profecto
476 1349 525 1434 id,
553 1371 616 1435 quo
643 1372 684 1414 ne
713 1351 830 1416 indeo
860 1353 981 1434 quidem
1008 1352 1095 1436 quie-

31 1459 33 1463 ·
80 1459 182 1522 quam
213 1437 318 1502 maius
350 1437 497 1521 intellegi
529 1441 645 1521 potest.
702 1437 778 1504 Non
811 1439 896 1504 euim
930 1440 1094 1504 ambrosia

80 1527 161 1591 deos
194 1529 251 1590 aut
282 1529 411 1590 neetare
444 1529 501 1590 aut
531 1525 700 1592 Iuventate
734 1527 851 1609 poeula
886 1527 1092 1592 ministrante

13 1681 15 1694 ,
38 1641 64 1681 15
80 1614 201 1679 laetari
225 1614 379 1696 arbitror,
405 1635 464 1678 nee
482 1612 659 1678 Homerum
679 1615 790 1698 audio,
813 1615 868 1698 qui
887 1613 1093 1699 Ganymeden

13 1701 15 1760 l
80 1703 125 1767 ab
156 1702 204 1767 dis
233 1705 364 1785 raptum
394 1702 441 1766 ait
469 1705 603 1786 propter
631 1701 782 1786 formam,
815 1706 851 1767 ut
879 1701 950 1767 Iovi
981 1703 1093 1768 bibere

81 1790 298 1873 ministraret,
327 1795 394 1854 no'n
419 1789 506 1854 iusta
534 1811 645 1875 eausa,
677 1812 733 1856 eur
760 1790 973 1856 Laomedonti
999 1795 1093 1855 tanta

80 1880 176 1943 fieret
196 1878 323 1942 iniuria.
361 1877 523 1962 Fingebat
544 1879 625 1944 haee
646 1877 807 1944 Homerus
831 1883 865 1944 θὴ
887 1879 1029 1944 humana
1052 1881 1092 1944 ad

81 1967 161 2031 deos
178 1965 408 2051 transferebat3
431 1966 542 2031 divina
561 1967 692 2032 mallem
711 1967 751 2031 ad
769 1989 839 2032 nos.
876 1966 963 2043 Quae
983 1971 1093 2032 autem

41 2082 67 2120 so
83 2053 214 2120 divina?
263 2053 397 2138 Vigere,
425 2071 550 2140 sapere,
577 2057 734 2139 invenire,
764 2056 959 2120 meminisse.
1002 2055 1093 2141 Ergo

83 2143 224 2226 animus,
247 2145 284 2206 ut
307 2161 366 2226 ego
391 2143 475 2225 dieo,
498 2142 713 2228 divinus'est,
735 2147 773 2208 ut
793 2143 965 2227 Euripides
989 2144 1095 2210 dicere

36 2259 38 2262 ’
84 2231 194 2313 audet,
222 2231 312 2314 deus,
331 2234 374 2294 ret
396 2231 536 2314 quidem,
565 2232 593 2297 si
616 2232 694 2298 deus
718 2236 774 2296 aut
797 2233 905 2296 anima
928 2235 984 2296 aut
1006 2233 1093 2318 iguis

84 2323 147 2403 est,
173 2319 258 2383 idem
286 2322 337 2383 θεὴ
363 2319 490 2384 animus
518 2319 667 2384 hominis.
716 2318 802 2385 Nam
830 2323 867 2384 ut
897 2320 955 2384 illa
977 2325 1095 2385 natura

16 2438 20 2451 ·
84 2407 234 2472 eaelestis
254 2409 287 2470 θὴ
308 2411 396 2472 terra
413 2410 508 2471 vacat
525 2411 559 2471 θὴ
576 2429 701 2491 umore,
726 2408 771 2472 sio
790 2408 955 2492 utriusque
978 2408 1094 2472 harum

42 2523 69 2563 as
83 2518 192 2560 rerum
218 2495 378 2570 humanus
411 2495 536 2574 animus
570 2499 619 2560 θεὴ
647 2517 770 2579 expers.
824 2493 882 2559 Sin
910 2499 1019 2574 autem
1047 2500 1097 2559 est

83 2585 199 2669 quinta
217 2584 374 2668 quaedam
391 2586 518 2666 natura,
539 2585 580 2648 ab
599 2584 776 2648 Aristotele
795 2582 927 2648 inducta
945 2584 1095 2667 primum,

82 2673 165 2737 haee
197 2676 230 2738 et
261 2672 394 2736 deorum
426 2675 476 2736 est
508 2676 541 2736 et
572 2673 762 2736 animorum.
811 2669 905 2735 Hane
932 2693 992 2736 nos
1024 2693 1095 2736 seu·
1142 2677 1144 2680 ’

83 2761 222 2826 tentiam
251 2760 354 2824 secuti
379 2759 430 2823 his
453 2760 533 2843 ipsis
556 2760 663 2824 verbis
692 2761 727 2825 in
750 2757 981 2824 Consolatione
1007 2761 1093 2840 [hoe]

84 2849 315 2933 expressimus:
1106 2897 1147 2959 27

42 2965 69 3005 so
153 2935 356 3001 ‘Animorum
383 2936 473 3000 nulla
500 2936 535 3000 in
561 2937 657 3001 terris
686 2938 777 3022 origo
811 2937 948 3006 inveniri
977 2939 1094 3020 potest.
1114 2974 1148 3023 55

83 3024 176 3090 Nihil
205 3025 290 3089 enim
319 3027 367 3088 est
393 3023 429 3087 in
457 3025 572 3089 animis
605 3025 742 3089 mixtum
775 3027 871 3109 etque
902 3028 1094 3106 concretum,

83 3117 142 3178 aut
165 3113 252 3196 quod
275 3115 425 3178 exterra
447 3116 561 3177 natum
584 3116 680 3196 atque
710 3114 822 3177 fiotum
846 3134 916 3177 esse
939 3111 1095 3192 videatur,

13 3271 14 3288 ἶ
82 3201 231 3266 nihilne
255 3204 311 3265 aut
333 3200 476 3264 umidum
505 3201 632 3284 quidem
656 3204 712 3264 aut
738 3201 847 3264 flabile
875 3204 932 3266 aut
954 3201 1096 3282 igneum.

13 3291 15 3346 l
83 3289 146 3354 His
172 3289 315 3354 enimin
336 3289 461 3352 naturis
484 3289 568 3352 nihil
590 3289 690 3372 inest,
712 3287 798 3372 quod
820 3288 887 3352 vim
911 3287 1095 3368 memoriae,

13 3367 14 3452 l
43 3404 70 3445 aa
84 3378 218 3460 mentis,
242 3377 449 3461 cogitationis
472 3376 605 3461 habeat,
628 3377 713 3461 quod
734 3380 767 3441 et
789 3376 965 3461 praeterita
986 3378 1096 3439 teneat

13 3481 15 3570 ι
84 3471 117 3532 θὴ
149 3466 261 3530 futura
292 3465 462 3549 provideat
495 3469 528 3530 et
559 3465 730 3554 complecti
764 3464 868 3549 possit
903 3463 1095 3548 praesentia,

13 3571 15 3628 l
85 3575 168 3639 quae
192 3553 263 3619 sola
286 3553 395 3618 diviua
418 3557 505 3638 sunt,
533 3575 592 3618 nee
614 3554 794 3618 invenietur
808 3575 982 3646 umquam,
1010 3551 1094 3618 unde
