2568 3948
173 179 238 244 256
334 181 382 234 DE
400 179 545 254 FINIBUS
563 178 743 235 BONORUM
760 179 808 234 ΕΤ
827 179 1010 236 MALORUM

119 355 155 404 47
175 342 259 428 quod
277 342 461 407 universum
484 345 616 426 propter
634 363 668 406 se
687 345 864 426 expetatur.
904 341 1009 419 Quid?
1032 342 1068 408 in
1090 347 1186 408 motu

175 435 208 496 et
230 432 265 496 in
287 434 376 496 statu
402 431 546 514 corporis
574 429 657 494 nihil
683 429 784 513 inest,
812 430 899 515 quod
926 430 1184 495 animadverten-

175 519 250 584 dum
273 540 343 583 esse
366 519 439 602 ipsa
460 523 579 583 natura
601 517 744 583 iudicet?
757 539 877 619 ,quem
891 518 931 581 ad
954 518 1086 582 modum
1109 520 1183 602 quis

175 608 332 689 ambulet,
355 607 478 685 sedeat,
500 605 555 689 qui
578 605 692 670 ductus
716 606 796 688 oris,
824 606 878 690 qui
907 606 1056 671 vultus
1046 627 1082 670 ιιι
1105 629 1183 690 quo-

175 716 237 781 que
256 694 321 759 sit?
343 693 467 758 nihilne
485 692 563 758 est
553 715 588 758 ιιι
610 693 662 757 his
684 693 796 776 rebus,
818 693 904 777 quod
923 693 1059 778 dignum
1077 694 1212 760 liberos

176 786 233 847 ant
263 781 431 866 indignum
463 802 533 846 csse
566 771 741 846 ducamus?
798 778 916 846 Nonne
949 781 1023 847 odio
1060 782 1144 846 mult
1129 785 1183 848 tos

112 941 119 954 ,
176 870 292 956 dignos
314 873 479 953 putamus,
502 869 558 952 qui
581 868 720 952 quodam
737 871 807 932 mot
807 891 829 932 ιι
847 873 904 934 aut
889 872 1010 934 tstatu
1030 869 1184 934 videntur

174 963 309 1023 naturae
330 959 492 1042 legerunt
477 957 643 1021 tmodum
668 957 1005 1040 contempsisse?t
959 957 1005 1022 Et
1028 957 1183 1040 quoniam

174 1046 254 1111 haec
282 1045 481 1109 deducuntur
507 1045 546 1110 de
574 1066 720 1129 corpore,
747 1044 824 1129 quid
851 1048 901 1110 est
929 1067 986 1109 cur
1007 1067 1073 1110 non
1095 1049 1184 1110 recte

175 1132 379 1218 pulchritudo
399 1131 497 1196 etiarn
519 1133 591 1217 ipsa
612 1135 745 1216 propter
765 1154 799 1197 se
822 1133 1000 1216 expetenda
1023 1133 1183 1199 ducatur?
1199 1161 1224 1198 ro

174 1221 207 1286 N
209 1243 261 1286 am
280 1221 308 1284 si
330 1221 526 1304 pravitatem
543 1221 868 1304 imminutionemque
886 1222 1031 1305 corporis
1049 1227 1185 1306 propter

175 1330 209 1376 se
235 1308 420 1393 fugiendam
449 1311 614 1391 putamus,
647 1330 703 1373 cur
734 1330 801 1373 non
829 1310 940 1391 etiarn,
973 1331 1010 1374 ac
1041 1308 1183 1375 fortasse

174 1396 292 1481 magis,
325 1399 457 1479 propter
485 1416 518 1459 se
546 1396 668 1464 formae
696 1396 889 1479 dignitatem
921 1397 1117 1480 sequamur?
1149 1403 1184 1462 et

175 1484 203 1549 si
234 1483 465 1567 turpitudinem
496 1483 638 1567 fugimus
672 1483 706 1548 in
738 1486 825 1548 statu
854 1488 888 1550 et
913 1489 1006 1549 motu
1027 1487 1184 1569 eorporis,

174 1572 251 1657 quid
280 1576 329 1637 est
356 1593 413 1636 eur
438 1571 708 1655 pulchritudinem
736 1593 802 1636 non
830 1572 1022 1656 sequamur?
1074 1572 1183 1657 Atque
1198 1601 1222 1640 15

173 1661 273 1725 etiarn
309 1659 543 1742 valetudinem,
581 1659 685 1743 vires,
725 1659 921 1724 vacuitatem
957 1659 1078 1725 doloris
1113 1683 1182 1726 non

174 1751 307 1832 propter
328 1747 505 1830 utilitatem
527 1747 646 1831 solum,
674 1747 729 1812 scd
753 1747 852 1812 etiarn
878 1748 967 1832 ipsas
990 1752 1124 1832 propter
1147 1771 1182 1814 se

175 1839 371 1920 eupeteurus¹
421 1834 582 1911 Quoniam
610 1835 694 1899 enim
721 1838 839 1900 natura
866 1836 933 1900 suis
956 1837 1106 1901 omnibus
1129 1859 1183 1902 er·
1271 1909 1272 1922 ἶ

173 1924 255 2009 pleri
274 1923 510 2006 partibust
438 1922 518 2005 vult,
540 1921 624 1987 hunc
644 1925 709 1987 stta
710 1945 764 1986 um
783 1924 927 2007 corporis
945 1925 1183 2008 perseipsum

174 2011 307 2095 expetit,
335 2010 391 2094 qui
419 2013 468 2074 cst
494 1973 633 2075 maxime
657 2032 674 2074 e
696 2013 827 2095 natura,
855 2033 936 2096 quae
963 2015 1035 2078 tota
1056 2016 1182 2096 pertur-
1197 2041 1222 2080 ao

173 2100 283 2182 batru,
310 2098 338 2162 si
367 2102 423 2162 aut
450 2117 581 2182 aegrum
604 2119 720 2181 corpus
743 2101 794 2162 est
816 2103 874 2163 aut
902 2099 990 2164 dolet
975 2103 1070 2164 taut
1093 2106 1183 2165 caret

124 2149 415 2339 18Virsslliileamus
447 2274 547 2338 animi
579 2277 703 2358 parteS,
736 2297 870 2359 quarum
903 2279 954 2341 est
990 2281 1181 2360 conspectus
1269 2307 1270 2338 ι

121 2331 182 2378 48
173 2363 345 2447 illustrior,
368 2383 450 2447 quae
473 2383 536 2446 quo
556 2366 631 2427 sunt
652 2362 856 2448 excelsiores,
879 2385 916 2428 eo
940 2363 1020 2430 dant
1043 2365 1183 2431 clariora

172 2450 291 2516 indicia
317 2453 461 2515 naturae.
506 2449 629 2515 Tantus
658 2454 708 2514 est
734 2451 834 2536 igitur
860 2451 992 2517 innatus
1022 2453 1057 2518 in
1085 2454 1181 2518 nobis
1197 2480 1221 2520 aa

173 2537 368 2624 cognitionis
388 2542 530 2604 amaret
548 2539 713 2622 scientiae,
732 2544 769 2603 ut
785 2561 881 2604 nemo
900 2539 1049 2605 dubitare
1066 2542 1182 2625 possit,
1268 2537 1269 2544 '

173 2628 251 2727 quin
281 2627 321 2692 ad
348 2647 402 2690 aas
430 2647 482 2691 res
508 2627 676 2692 hominum
704 2630 819 2692 natura
847 2627 939 2693 nullo
963 2628 1181 2694 emolumento

172 2713 311 2779 invitata
332 2713 486 2797 rapiatur.
522 2713 736 2797 Videmusne,
757 2718 795 2778 ut
817 2716 909 2798 pueri
931 2736 972 2780 ne
991 2717 1181 2782 verberibus
1267 2789 1268 2796 χ

173 2801 302 2885 quidem
334 2823 354 2864 a
384 2804 641 2886 contemplandis
677 2803 773 2876 rebus
810 2803 1094 2889 perquirendisque
1127 2805 1181 2870 de·
1267 2799 1268 2804 ¹

172 2888 377 2954 terreantur?
409 2893 446 2953 ut
476 2891 564 2972 pulsi
594 2890 852 2955 recurrant?t
814 2894 852 2955 ut
883 2891 1004 2975 aliquid
1032 2893 1115 2957 scire
1146 2915 1181 2958 se
1195 2918 1221 2959 ao

174 2974 355 3062 gaudeant?
386 2979 424 3041 ut
409 2977 488 3041 tid
520 2978 594 3042 aliis
624 2999 756 3042 narrare
789 2999 844 3063 ges
846 2979 952 3044 tiant‘?
916 2982 1021 3044 tut
1051 3001 1181 3066 pompa,

172 3066 258 3129 ludis
286 3068 382 3150 atque
410 3065 478 3130 eius
506 3065 592 3130 modi
619 3067 808 3149 spectaculis
832 3071 1006 3132 teneantur
1029 3068 1071 3133 ob
1096 3091 1180 3134 eam·

172 3175 233 3236 que
256 3174 325 3218 rem
348 3153 398 3217 vel
422 3153 541 3218 famem
564 3156 597 3216 et
625 3153 714 3218 sitim
741 3154 927 3237 perferant?
975 3155 1059 3232 Quid
1082 3157 1181 3224 vero?

173 3241 227 3327 qui
250 3228 455 3325 ingenuist
424 3241 598 3305 studiisat
564 3263 660 3326 aque
684 3241 807 3307 artibus
832 3243 1045 3327 delectantur,
1070 3266 1180 3311 nonne

172 3328 317 3410 videmus
340 3349 396 3394 eos
418 3349 478 3393 nec
500 3329 695 3395 valetudinis
717 3351 777 3395 nec
799 3331 846 3394 rei
867 3332 1036 3396 familiaris
1058 3331 1218 3400 haberees

172 3418 330 3482 rationem
350 3416 522 3500 omniaque
545 3418 701 3503 perpeti
690 3441 763 3503 ipsa
786 3419 972 3503 cognitione
994 3423 1028 3484 et
1045 3420 1180 3488 scientia

173 3508 284 3587 captos
304 3508 428 3570 etcum
451 3504 602 3570 maximis
622 3506 706 3570 curis
726 3509 759 3570 et
781 3506 947 3572 laboribus
970 3529 1180 3594 compensare
