2568 3948
158 209 234 274 240·
321 211 370 264 DE
389 209 534 264 FINIBUS
552 209 731 264 BONORUM
750 211 797 264 ET
815 211 999 266 MALORUM

160 373 338 456 principem
374 393 435 438 esse
470 373 666 456 conveniret,
707 374 853 456 pluribus
889 377 1056 457 praeterea
1093 398 1168 440 con-

160 462 355 544 scripsisset,
379 462 434 545 qui
457 465 543 525 esset
561 461 703 544 optimus
726 462 944 544 reipublicae
968 466 1082 544 statua,
1105 462 1168 526 hoe

157 549 300 631 amplius
337 548 593 632 Theophrastus:
630 570 712 633 quae
748 552 856 613 essent
892 550 926 612 iu
964 571 999 613 re
1028 549 1168 633 ,publica

158 657 266 700 rerum
298 637 523 701 inclinationes
557 641 589 702 et
621 639 785 702 momenta
816 639 1025 720 temporum,¹
1049 639 1166 721 quibus
1277 667 1278 710 r

159 727 245 788 esset
272 724 514 808 moderandum,
542 728 712 808 utcumque
744 745 796 788 res
827 725 1016 808 postularet
1069 724 1197 792 Vitacs
1277 713 1278 794 l

158 815 269 876 autem
301 811 461 896 degendae
493 813 576 876 ratio
609 813 748 876 maxime
780 812 845 876 illis
878 813 1005 896 quidem
1042 813 1168 896 placuit
1277 797 1278 868 l

160 899 281 983 quieta,
304 899 339 963 in
362 900 633 983 contemplatione
656 903 689 963 et
712 900 898 984 cognitione
919 901 1027 984 posita
1050 923 1167 984 rerum,

160 1007 242 1070 quae
266 988 342 1070 quia
365 987 495 1051 deorum
518 988 604 1052 vitae
628 993 698 1052 erat
721 988 899 1071 simillima,
926 989 1073 1072 sapiente
1095 989 1168 1054 visa

161 1077 212 1138 est
233 1074 432 1160 dignissima.
478 1075 585 1159 Atque
615 1075 666 1140 his
690 1076 728 1139 de
750 1077 846 1140 rebus
870 1081 903 1140 et
926 1077 1094 1160 splendida
1118 1082 1168 1142 est

111 1211 135 1274 ὅ
161 1184 272 1226 corum
295 1166 328 1226 et
350 1163 486 1226 illustris
511 1165 622 1228 oratio.
763 1244 768 1258 ,
1185 1195 1209 1232 ι(

107 1288 140 1335 12
226 1250 276 1314 De
294 1272 420 1314 summo
440 1254 547 1314 autem
571 1251 657 1316 bono
681 1253 757 1336 quia
780 1252 844 1317 duo
866 1274 985 1338 genera
1008 1254 1168 1319 librorum

5 1329 6 1334 ¹
160 1341 249 1415 sunt,
282 1359 382 1401 unum
412 1339 613 1422 populariter
646 1341 815 1423 scripturn,
853 1341 937 1424 quod
972 1339 1168 1426 ἐξωτερικόν

158 1425 547 1579 mittatis
568 1427 844 1579 {dllii’stlll
862 1429 1168 1582 pdeeffieppp

160 1536 284 1665 surina
314 1563 424 1667 tarhcn
456 1603 528 1686 ipsa
548 1537 617 1666 Ihut
648 1603 788 1668 varietas
817 1607 867 1668 est
893 1605 962 1668 ulla
989 1569 1074 1689 apud
1103 1607 1165 1670 hos
1181 1634 1208 1672 15
1277 1561 1278 1624 l

159 1689 296 1772 quidem,
315 1712 394 1774 quos
412 1691 587 1774 nominavi,
611 1695 668 1754 aut
685 1692 770 1755 inter
788 1692 876 1773 ipsos
899 1692 1066 1758 dissensio.
1104 1691 1168 1758 Sed

159 1799 231 1840 cum
255 1777 351 1842 beata
373 1779 441 1841 vita
464 1782 636 1862 quaeratur
665 1779 760 1861 idque
784 1780 827 1844 sit
849 1801 963 1860 unum,
991 1781 1076 1864 quod
1098 1782 1169 1864 phi·

158 1865 309 1948 losophia
331 1870 476 1949 spectare
500 1869 533 1930 et
562 1867 652 1948 sequi
679 1866 807 1950 debeat,
836 1868 919 1931 sitne
943 1890 981 1932 ea
1007 1872 1079 1933 tota
1103 1871 1168 1934 sita
1277 1921 1278 1948 ;

158 1953 192 2016 in
218 1955 380 2036 potestate
409 1953 563 2036 sapientis
596 1977 638 2017 an
669 1955 773 2036 possit
806 1959 863 2018 aut
889 1955 1081 2021 labefactari
1110 1963 1168 2021 cut
1277 1975 1278 2020 l

156 2040 239 2122 eripi
270 2041 367 2104 rebus
402 2040 558 2124 adversio,
591 2042 626 2104 in
658 2061 695 2107 eo
731 2064 797 2107 non
832 2065 1009 2127 numquam
1045 2045 1168 2109 variari
1182 2073 1210 2112 so
1277 2023 1278 2116 l

158 2129 243 2190 inter
275 2148 330 2191 eos
362 2131 396 2191 et
427 2128 569 2192 dubitari
595 2129 728 2193 videtur.
781 2130 874 2207 Quod
901 2133 1040 2196 maxime
1068 2133 1169 2197 efficit
1277 2119 1278 2164 l

158 2213 376 2297 Theophrasti
405 2215 443 2279 de
471 2216 567 2280 beata
590 2217 658 2281 vita
681 2216 840 2300 liber,'in
862 2243 925 2303 quo
949 2220 1089 2284 multum
1113 2221 1168 2286 ad·

157 2302 288 2366 modum
311 2303 461 2366 fortunae
485 2303 587 2368 datur.
633 2305 725 2380 Quod
754 2306 783 2370 si
804 2306 851 2370 ita
880 2328 914 2370 se
936 2307 1071 2391 habeat,
1100 2331 1168 2374 non

157 2391 262 2473 possit
285 2390 414 2454 beatam
438 2391 539 2455 vitam
562 2397 726 2476 praestare
750 2394 918 2477 sapientia.
971 2394 1061 2461 Haec
1084 2396 1166 2461 mihi

157 2478 284 2541 videtur
320 2478 503 2562 delicatior,
539 2485 576 2544 ut
611 2481 659 2545 ita
696 2481 813 2564 dicam,
845 2482 1037 2568 molliorque
1069 2486 1207 2568 ratique

158 2587 255 2650 quam
282 2565 411 2632 virtutis
438 2567 487 2631 vis
516 2569 720 2652 gravitasque
750 2570 903 2653 postulat.
950 2571 1054 2646 Quare
1077 2577 1166 2638 tene·

157 2675 249 2718 amus
279 2653 489 2719 Aristotelem
520 2660 553 2719 et
580 2657 648 2720 eius
675 2657 777 2721 filium
799 2656 1047 2740 Nicomachum,
1074 2663 1166 2726 cuius
1265 2698 1268 2702 ·

158 2745 305 2805 accurate
329 2743 440 2825 scripti
463 2743 501 2807 de
520 2745 664 2808 moribus
688 2745 766 2809 libri
788 2745 938 2810 dicuntur
961 2747 1010 2811 illi
1034 2749 1166 2833 quidem

158 2851 227 2892 esse
250 2828 436 2914 Aristoteli,
461 2832 599 2897 sednon
618 2831 724 2915 video,
748 2854 803 2897 eur
825 2855 892 2898 non
913 2837 1057 2917 potuerit
1079 2840 1166 2920 patri

157 2916 274 2980 similis
299 2939 368 2982 esse
391 2919 485 2983 filius.
530 2919 790 3003 Theophrastum
818 2925 929 2986 tamen
953 2923 1165 2990 adhibeamus
1180 2952 1206 2992 ao

157 3005 198 3068 ad
230 3005 396 3089 pleraque,
430 3006 506 3070 dum
537 3008 632 3071 modo
664 3009 737 3092 plus
769 3009 803 3072 in
835 3009 954 3074 virtute
986 3015 1164 3096 teneamus

102 3112 136 3161 13
156 3115 253 3176 quam
279 3094 336 3158 ille
363 3095 479 3174 tenuit,
507 3095 669 3160 firmitatis
693 3100 726 3159 et
750 3096 885 3161 roboris.
933 3097 1038 3163 Simus
1062 3100 1164 3184 igitur
1277 3135 1278 3166 r

157 3182 300 3245 contenti
332 3181 392 3247 his.
446 3180 593 3266 Namque
625 3183 741 3248 horum
772 3186 894 3267 posteri
930 3187 1080 3252 meliores
1115 3190 1164 3253 illi
1277 3171 1278 3210 l

156 3269 284 3352 quidem
317 3291 388 3333 mea
421 3271 580 3334 sententia
612 3293 708 3354 quam
744 3273 942 3356 reliquarum
973 3273 1163 3360 philosophi

156 3357 412 3440 disciplinarum,
436 3357 491 3421 sed
514 3358 562 3422 ita
584 3357 789 3443 degenerant,
817 3365 854 3423 ut
880 3361 944 3444 ipsi
975 3383 1014 3426 ex
1037 3385 1071 3428 sc
1094 3366 1164 3429 nati
1179 3391 1206 3432 es

155 3465 226 3507 csse
259 3443 434 3509 videantur.
489 3445 632 3510 Primum
663 3447 892 3532 Theophrasti,
926 3448 1049 3535 Strato,
1080 3452 1164 3536 phy-

156 3531 259 3595 sicum
283 3553 316 3596 se
339 3523 455 3616 voluit3
480 3534 513 3598 in
537 3555 599 3616 quo
618 3535 679 3599 etsi
702 3539 751 3600 cst
775 3557 924 3622 magnus,
947 3540 1057 3602 tamen
1079 3562 1165 3605 nova
