2574 3956
169 235 233 296 114
336 233 384 286 nn
403 231 548 288 nmmos
567 230 746 286 Bonosum
761 231 809 286 ur
827 189 1009 288 unionum
1127 305 1130 312 .

116 392 311 480 lelaetilia,
348 395 376 460 si
410 396 507 460 bons.
565 391 593 458 Ο
625 371 947 477 praeclaram⁴beate
979 395 1109 460 vivendi
1149 401 1185 461 et

167 488 314 568 apertam
337 486 370 548 et
393 482 571 566 simplicem
594 485 627 545 et
649 481 810 546 derectam
830 482 945 546 vitam!
983 480 1065 547 Oum
1089 485 1183 548 enim

167 575 253 636 certe
285 571 369 635 nihil
400 570 524 635 homini
555 570 660 653 possit
691 569 806 634 melius
840 591 910 635 esse
938 593 1035 656 quam
1061 593 1183 636 vacare

168 660 256 724 omni
279 659 390 724 dolore
413 661 446 723 et
468 658 619 722 molestia
641 656 826 741 perfruique
846 658 996 722 maximis
1020 662 1053 722 et
1074 660 1182 723 animi

167 752 201 812 et
219 748 363 830 corporis
382 746 617 830 voluptatibus,
634 745 800 830 videtisne,
818 767 915 830 quam
931 745 1015 811 nihil
1032 751 1211 830 praeter-5

167 836 330 917 mittatur,
357 835 443 919 quod
469 834 571 898 vitam
598 833 741 916 adiuvet,
767 855 830 917 quo
857 833 985 898 facilius
1013 835 1061 917 id,
1091 837 1181 920 quod

166 924 368 1006 propositum
383 925 441 1005 est,
462 943 622 986 summum
634 922 756 986 bonum
770 921 1024 1006 consequamur?
1047 921 1182 987 Clamat

166 1011 335 1096 Epicurus,
354 1011 382 1074 is
401 1031 497 1094 quem
511 1031 568 1074 vos
589 1009 686 1074 nimis
704 1009 925 1094 voluptatibus
945 1031 1014 1074 esse
1033 1011 1180 1075 deditum

167 1099 287 1181 dicitis,
310 1121 375 1164 nou
393 1118 490 1181 posse
508 1098 643 1161 iucunde
661 1097 740 1179 vivi,
762 1097 826 1161 nisi
845 1098 1021 1182 sapienter,
1038 1098 1179 1164 honeste

167 1187 313 1268 iusteque
339 1186 481 1267 vivatur,
510 1205 569 1248 nec
597 1185 772 1269 sapienter,
804 1185 954 1270 honeste,
981 1187 1079 1270 iuste,
1110 1187 1177 1251 nisi
1193 1215 1224 1253 ro

114 1294 148 1343 58
167 1274 310 1338 iucunde.
358 1271 472 1358 Neque
499 1272 584 1336 enim
612 1272 725 1336 civitas
748 1273 784 1336 in
806 1272 963 1340 seditione
985 1275 1082 1339 beata
1105 1296 1178 1339 esse

165 1364 274 1444 potest
295 1382 354 1425 neo
376 1362 411 1425 in
434 1358 594 1425 discordia
612 1360 814 1426 dominorum
835 1361 962 1446 domus3
986 1383 1048 1445 quo
1067 1362 1177 1428 minus

166 1449 291 1513 animus
306 1470 326 1512 a
340 1470 375 1512 se
393 1449 463 1532 ipse
481 1446 639 1512 dissidens
653 1469 825 1532 secumque
843 1449 1029 1514 discendens
1043 1454 1178 1535 gustans

165 1540 293 1620 partem
326 1537 428 1600 ullam
454 1535 596 1621 liquidae
628 1537 806 1620 voluptatis
840 1540 873 1601 et
903 1537 1025 1614 liberae
1055 1542 1177 1622 potest.

165 1625 268 1710 Atqui
299 1625 519 1710 pugnantibus
551 1628 585 1688 et
616 1625 787 1689 contrariis
819 1623 934 1689 studiis
966 1626 1175 1710 consiliisque
1192 1655 1222 1693 rs

166 1735 292 1797 semper
305 1716 399 1778 utens
418 1713 501 1777 nihil
519 1712 622 1796 quieti
638 1711 755 1796 videre,
772 1712 855 1776 nihil
876 1713 1044 1797 tranquilli
1056 1717 1176 1797 potest.

113 1821 146 1870 oe
166 1793 288 1878 Quodsi
322 1801 464 1885 corporis
498 1799 701 1884 gravioribus
729 1799 850 1865 morbis
877 1801 964 1866 vitae
993 1802 1175 1867 iucunditas
1278 1841 1279 1844 =

165 1890 352 1974 impeditur,
381 1891 500 1972 quanto
529 1887 632 1972 magis
660 1888 761 1952 animi
787 1890 910 1953 morbis
943 1889 1092 1972 impediri
1118 1911 1175 1955 ne·
1278 1893 1279 1916 ³

166 1997 264 2042 cesse
281 1978 344 2040 estl
390 1975 500 2040 Animi
522 1978 632 2038 autem
660 1975 766 2040 morbi
794 1979 871 2040 sunt
900 1977 1093 2060 cupiditates
1115 1979 1174 2042 im-

165 2086 294 2129 mensae
325 2067 358 2128 et
388 2064 501 2128 inanes
533 2062 734 2146 divitiarum,
766 2063 903 2148 gloriae,
934 2065 1173 2149 dominationis,
1188 2094 1220 2132 so

165 2153 412 2216 libidinosarum
439 2151 537 2214 ctiam
568 2151 781 2235 voluptatum.
835 2151 1003 2218 Accedunt
1033 2155 1173 2238 aegritu-

165 2241 270 2323 dines,
297 2239 479 2320 molestiae,
506 2260 681 2321 maerores,
708 2240 763 2322 qui
786 2239 926 2306 exedunt
952 2241 1076 2324 animos
1099 2263 1173 2306 con-

164 2329 337 2412 ficiuntque
373 2326 458 2391 curis
493 2326 663 2393 hominum
697 2335 765 2392 hon
801 2328 1058 2413 intellegentium
1090 2329 1173 2394 nihil

165 2417 336 2481 dolendum
372 2436 442 2480 esse
479 2414 602 2498 animo,
639 2414 724 2499 quod
758 2416 801 2479 sit
833 2438 852 2479 a
884 2415 994 2481 dolore
1027 2418 1172 2500 corporis

164 2503 326 2588 praesenti
359 2503 509 2568 futurove
547 2503 733 2568 seiunctum.
791 2502 860 2568 Nec
895 2525 971 2569 vero
1002 2506 1173 2588 quisquam
1188 2532 1218 2572 25

165 2592 283 2656 stultus
314 2613 382 2655 non
412 2591 528 2656 horum
560 2592 746 2655 morborum
774 2591 881 2675 aliquo
909 2591 1051 2676 laborat3
1079 2615 1173 2658 nemo

111 2680 265 2764 usigitur
291 2680 403 2749 stultos
429 2700 495 2743 non
522 2679 629 2742 miser.
678 2679 812 2743 Accedit
838 2679 936 2745 etiam
964 2702 1064 2762 mors,
1092 2702 1174 2765 quae

164 2767 257 2850 quasi
285 2787 398 2831 saxum
429 2765 567 2830 Tantalo
596 2787 722 2850 semper
754 2766 932 2850 impendet,
963 2772 1034 2833 tum
1064 2791 1173 2854 super·

164 2855 268 2936 stitio‚
302 2876 365 2936 qua
393 2854 449 2937 qui
481 2857 531 2918 est
557 2855 715 2937 imbutus,
741 2855 869 2937 quietus
897 2877 966 2920 esse
998 2877 1173 2942 numquam

162 2945 278 3027 potest.
328 2941 502 3007 Praeterea
529 2943 614 3006 bona
644 2943 820 3025 praeterita
851 2963 917 3007 non
949 2945 1173 3026 meminerunt,
1186 2973 1215 3013 so

162 3029 389 3115 praesentibus
416 3052 482 3095 non
508 3029 676 3113 fruuntur,
707 3029 818 3094 futura
849 3031 945 3096 modo
977 3036 1174 3117 exspectant,

163 3140 245 3203 quae
282 3119 357 3202 quia
375 3121 480 3182 certa
511 3137 581 3181 esse
611 3138 679 3182 non
710 3122 863 3202 possunt,
896 3120 1111 3185 conficiuntur
1141 3125 1174 3185 et

163 3228 284 3291 angore
322 3208 355 3270 et
390 3209 479 3271 metu
515 3205 716 3289 maximeque
753 3206 950 3292 cruciantur,
991 3229 1063 3273 cum
1101 3230 1173 3275 sero

163 3295 309 3360 sentiunt
327 3294 449 3358 frustra
468 3313 502 3356 se
521 3295 578 3356 aut
596 3294 750 3377 pecuniae
769 3293 931 3359 studuisse
954 3299 1011 3360 eut
1027 3296 1172 3380 imperiis

162 3386 220 3448 aut
252 3383 367 3465 opibus
400 3384 457 3446 aut
483 3380 614 3465 gloriae.
670 3380 786 3446 Nullas
815 3383 902 3447 enim
934 3387 1172 3468 consequuntur
1186 3410 1212 3452 aa

162 3471 361 3553 voluptates,
392 3488 527 3551 quarum
559 3468 705 3552 potiendi
737 3491 794 3554 spe
828 3469 1020 3536 inflammati
1053 3472 1172 3538 multos

110 3582 141 3630 61
162 3557 290 3622 labores
327 3574 527 3641 magnosque
563 3561 777 3642 susceperant.
839 3555 923 3623 Ecce
967 3562 1075 3624 autem
1115 3561 1171 3626 alii
