2574 3956
153 183 215 246 166
315 184 362 237 DE
381 183 526 237 FINIBUS
544 171 724 236 BONORUM
742 182 790 236 ET
808 183 991 237 MALORUM

150 346 236 410 inest
262 345 301 408 ad
329 344 505 408 humanam
532 343 717 408 societatem
744 343 888 408 iustitiae
916 343 981 408 fida
1004 345 1160 426 custodia,

150 434 237 496 inest
263 433 297 496 in
324 432 538 516 perpetiendis
566 431 732 495 laboribus
761 431 977 516 adeundisque
1006 432 1159 516 periculis

151 521 244 584 firma
268 524 300 583 et
323 521 448 584 stabilis
473 518 593 584 doloris
617 519 795 601 mortisque
813 519 1066 603 contemptio-
1081 539 1159 602 ergo

150 608 228 672 haec
251 608 287 672 in
310 608 442 691 animis,
464 611 500 671 tu
524 611 630 671 autem
655 607 753 670 etiam
776 608 921 671 membra
943 609 1016 690 ipsa
1035 629 1160 672 sensus·

151 718 212 780 que
239 696 419 778 considera,
448 695 502 781 qui
529 695 604 777 tibi,
631 697 668 758 ut
699 695 840 778 reliquae
868 695 1013 778 corporis
1040 699 1188 778 pertesi

150 806 216 848 non
240 785 373 848 comites
398 784 503 850 solum
526 783 695 865 virtutum,
719 783 775 845 sed
798 783 937 847 ministri
956 784 1054 846 etiam
1075 783 1159 848 vide·

99 873 302 937 mabuntur.
361 870 483 948 Quodsi
518 871 552 935 in
587 871 659 954 ipso
691 891 824 952 corpore
859 871 962 935 multa
998 872 1161 955 voluptati

150 959 376 1044 praeponenda
394 963 476 1035 sunt,
494 962 531 1022 ut
548 958 641 1042 vires,
659 958 819 1040 ualetudo,
838 959 1002 1042 uelocitas,
1019 959 1160 1042 pulchri-

150 1049 241 1131 tudo,
283 1047 359 1130 quid
395 1048 526 1112 tandem
569 1046 604 1110 in
640 1046 757 1110 animis
795 1046 927 1110 censes?
972 1048 1007 1110 in
1043 1048 1160 1131 quibus

151 1135 330 1200 doctissimi
357 1135 406 1199 illi
432 1138 557 1199 veteres
584 1135 689 1198 inesse
717 1133 869 1217 quiddam
891 1135 1029 1198 caeleste
1057 1138 1091 1198 et
1113 1136 1159 1200 di·
1175 1163 1201 1200 10

151 1223 260 1286 vinum
278 1225 481 1306 putaverunt.
514 1221 636 1297 Quodsi
655 1225 741 1286 esset
758 1221 793 1284 in
811 1223 979 1304 voluptate
999 1245 1160 1287 summum

151 1311 286 1393 bonum,
309 1312 346 1373 ut
368 1309 487 1391 dicitis,
510 1309 654 1393 optabile
678 1313 763 1373 esset
781 1309 923 1374 maxima
940 1311 975 1374 in
993 1311 1160 1394 voluptate

37 1453 41 1460 .
151 1398 241 1462 nullo
260 1398 431 1461 intervallo
455 1397 624 1462 interiecto
649 1397 716 1460 dies
739 1402 914 1481 noctesque
935 1399 1064 1481 versari,
1088 1420 1160 1462 curn

152 1507 262 1551 omnes
282 1507 392 1550 sensus
412 1485 576 1550 dulcedine
595 1485 684 1549 omni
702 1485 794 1567 quasi
812 1485 934 1569 perfusi
948 1490 1161 1551 moverentur.

153 1574 230 1649 Quis
263 1576 313 1638 est
345 1577 453 1638 autem
485 1572 601 1657 dignus
633 1574 763 1637 nomine
791 1573 947 1656 hominis,
975 1574 1031 1657 qui
1060 1596 1160 1639 unum
1176 1601 1201 1639 15
1282 1623 1283 1628 η

152 1661 236 1726 diem
272 1664 379 1736 toturn
415 1661 495 1726 velit
530 1683 599 1725 esse
634 1661 669 1725 in
709 1680 824 1745 genere
860 1661 923 1725 istc
960 1663 1159 1745 voluptatis?

152 1748 320 1834 Cyrenaici
356 1750 484 1834 quidem
520 1772 586 1814 non
624 1751 785 1831 recusant,
821 1749 920 1814 vestri
956 1750 1036 1814 haec
1071 1772 1159 1815 vere-

99 1849 150 1897 115
174 1838 321 1921 cundius,
356 1837 406 1901 illi
444 1838 582 1902 fortasse
620 1836 826 1902 constantius.
886 1836 949 1901 Sed
986 1838 1159 1903 lustremus

151 1926 259 1991 animo
286 1947 351 1990 non
373 1925 433 1989 has
456 1925 614 1988 maximas
645 1925 740 2006 artis,
770 1925 886 2008 quibus
914 1925 969 2008 qui
998 1928 1160 2008 carebant,

150 2015 270 2078 inertes
299 2036 318 2078 a
345 2012 520 2076 maioribus
548 2011 812 2095 nominabantur,
840 2011 896 2078 sed
919 2033 1051 2096 quaero,
1081 2037 1159 2078 num
1174 2042 1199 2079 20

151 2101 327 2182 existimes,
355 2121 429 2164 non·
448 2099 519 2164 dico
546 2099 736 2182 Homerum,
768 2099 1013 2184 Archilochum,
1044 2101 1160 2166 Pinda-

150 2203 237 2269 rum,
259 2188 314 2252 sed
336 2186 487 2268 Phidian,
510 2186 716 2270 Polyclitum,
739 2187 872 2252 Zeuxim
896 2189 936 2252 ad
958 2190 1160 2273 voluptatem

139 2277 236 2340 'artes
261 2297 336 2339 suas
359 2275 530 2338 derexisse.
579 2273 667 2359 Ergo
691 2275 798 2358 opifex
821 2275 894 2358 plus
918 2277 980 2340 sibi
1002 2282 1162 2360 proponet

150 2365 190 2428 ad
217 2364 393 2429 formarum
422 2384 518 2447 quam
547 2362 625 2428 civis
656 2364 813 2428 excellens
837 2364 877 2426 ad
906 2363 1066 2428 factorum
1088 2365 1160 2448 pul·

150 2452 385 2517 almitudinem?
423 2450 511 2527 Quae
526 2454 633 2516 autem
652 2454 702 2516 est
720 2451 785 2516 alia
807 2473 904 2515 causa
927 2453 1044 2516 erroris
1065 2455 1159 2538 tanti,
1175 2480 1201 2519 aa

149 2545 217 2604 tam
245 2541 342 2625 longe
369 2541 497 2623 lateque
524 2540 646 2622 diffusi,
677 2539 741 2603 nisi
774 2538 859 2623 quod
887 2539 929 2623 is,
962 2540 1016 2624 qui
1047 2541 1159 2624 volup·

150 2632 250 2691 tatem
283 2651 443 2692 summum
475 2628 595 2692 bonum
628 2649 698 2692 esse
730 2627 872 2691 decernit
879 2677 887 2710 ,
918 2649 984 2693 non
1017 2650 1089 2692 cum
1121 2651 1160 2693 ea

149 2721 240 2799 parte
264 2716 377 2798 animi,
403 2717 439 2778 iu
466 2737 529 2797 qua
557 2715 642 2778 inest
663 2715 747 2778 ratio
772 2717 867 2798 atque
889 2716 1075 2799 consilium,
1103 2718 1160 2780 sed

150 2824 222 2866 cum
255 2803 442 2884 cupiditate,
474 2802 506 2865 id
539 2807 589 2866 est
621 2823 693 2866 curn
726 2802 825 2866 animi
862 2803 1026 2868 levissima
1057 2808 1159 2887 parte,

150 2889 326 2954 deliberat?
381 2889 504 2966 Quaero
537 2889 622 2954 enirn
653 2891 692 2954 de
723 2893 769 2972 te,
797 2890 825 2954 si
854 2893 929 2956 sunt
963 2890 1008 2974 di,
1037 2894 1074 2956 ut
1100 2913 1158 2957 vos
1173 2919 1201 2960 eo

150 2979 248 3042 etiam
271 2977 408 3061 putatis,
431 2977 486 3061 qui
508 2978 636 3060 possint
659 2998 729 3042 esse
752 2977 854 3060 beati,
878 3001 950 3044 cum
974 2979 1158 3063 voluptates

117 3083 122 3094 “
150 3088 283 3150 corpore
305 3066 470 3149 percipere
493 3067 720 3148 nonpossint,
743 3069 811 3148 aut,
838 3065 866 3130 si
889 3066 958 3130 sine
981 3088 1020 3130 ec
1043 3087 1159 3152 genere

148 3154 327 3238 uoluptatis
364 3153 451 3217 beati
489 3153 568 3236 sint,
605 3175 660 3219 our
692 3153 831 3218 similem
864 3153 964 3218 animi
995 3176 1088 3219 usum
1124 3155 1160 3220 in

150 3243 295 3326 sapiente
318 3263 388 3306 esse
411 3240 529 3306 nolitis.

97 3395 139 3458 35
214 3417 300 3501 Lege
323 3416 538 3500 laudationes,
567 3418 742 3500 Torquate,
764 3439 830 3482 non
853 3437 976 3498 eorum,
1002 3419 1058 3502 qui
1082 3423 1157 3484 sunt
1172 3446 1198 3486 as

98 3473 190 3567 116ab
223 3505 364 3570 Homero
400 3505 536 3588 laudati,
575 3526 641 3569 non
672 3503 763 3588 Cyri,
799 3526 864 3570 non
892 3505 1055 3590 Agesilai,
1090 3528 1159 3572 non
