2552 3966
147 199 190 266 30
417 199 708 256 AGADEMICORUM
726 199 893 256 PRIORUM

144 387 227 450 quae
250 368 362 429 contra
385 363 574 441 dicerentur,
597 363 661 427 dici
682 366 830 446 oportere
848 364 1017 447 putabant,
1040 364 1156 448 nequi

92 462 126 510 18
144 454 342 518 fallerentur.
394 451 543 536 Plerique
574 454 686 515 tamen
713 454 746 514 ct
777 451 978 516 definitiones
1009 451 1155 535 ipsarum

145 542 243 606 etiam
258 540 454 606 evidentium
463 561 572 604 rerurn
585 561 651 604 non
665 538 852 622 improbant
865 543 898 603 et
910 561 980 604 rem
992 540 1154 618 idoneam,

144 630 182 694 de
205 652 269 715 qua
291 631 475 714 quaeratur,
498 631 531 692 et
554 627 702 693 homines
723 627 851 712 dignos,
875 627 1067 712 quibuscum
1091 628 1154 692 dis-

145 722 282 798 seretur,
318 719 442 801 putant
499 715 594 781 Philo
628 718 736 781 autern
772 715 848 780 dum
879 736 964 782 nova
994 716 1184 800 quaedams

145 810 334 889 commovet,
357 804 442 890 quod
460 825 498 868 ea
523 803 680 868 sustinere
699 804 754 869 vir
771 807 909 890 poterat,
935 826 1017 888 quae
1040 808 1155 870 contra

144 893 413 960 Academicorum
430 892 645 975 pertinaciam
664 892 864 970 dicebantur,
886 895 918 958 et
936 895 1047 977 aperte
1066 913 1155 957 rnen·
1263 935 1264 992 ,

144 984 233 1065 titur,
255 985 292 1046 ut
314 984 364 1046 est
385 980 598 1064 reprehensus
617 983 747 1064 epatre
767 978 893 1064 Catulo,
916 981 961 1059 et,
984 985 1021 1045 ut
1044 981 1155 1046 docuit
1263 997 1264 1026 ³

143 1070 341 1153 Antiochus,
363 1069 574 1152 inidipsum
594 1069 760 1153 reinduit,
783 1069 870 1154 quod
887 1069 1032 1134 timebat
1069 1067 1153 1134 Oum
1182 1099 1184 1102 ·
1261 1129 1264 1142 ,

145 1160 229 1224 enim
257 1159 304 1222 ita
331 1160 465 1242 negaret
492 1157 667 1242 quidquam
694 1177 777 1241 csse,
809 1157 895 1242 quod
923 1157 1154 1241 comprehendi
1170 1184 1197 1223 ιο
1263 1193 1264 1198 κ

143 1250 255 1332 posset
277 1244 325 1330 (id
352 1245 438 1310 enirn
464 1246 612 1310 volumus
635 1266 705 1310 esse
732 1239 990 1332 ἀκατάληπτον),
1017 1245 1045 1311 si
1071 1246 1153 1310 illud

145 1338 246 1419 esset,
268 1335 352 1398 sicut
370 1332 456 1398 Zeno
480 1334 639 1416 definiret,
661 1334 728 1398 tale
748 1335 854 1398 visum
877 1331 958 1420 (iam
981 1334 1067 1399 enim
1089 1334 1154 1399 hoc

143 1446 203 1508 pro
221 1424 387 1508 φαντασίᾳ
399 1421 535 1486 verbum
549 1422 630 1486 satis
649 1420 800 1487 hesterno
815 1443 962 1488 sermone
977 1421 1155 1508 trivimus),

143 1511 248 1576 visum
266 1510 368 1594 igitur
385 1509 580 1595 impressum
600 1510 804 1594 effictumque
823 1533 862 1576 ex
880 1532 932 1596 eo,
955 1511 1038 1575 unde
1057 1514 1153 1594 esset,

143 1600 236 1684 quale
260 1619 330 1664 esse
359 1620 427 1663 non
454 1603 566 1683 posset
584 1620 624 1664 ex
642 1620 694 1683 eo,
717 1599 801 1663 unde
823 1621 889 1664 non
913 1602 997 1664 esset
1020 1597 1068 1686 (id
1090 1621 1196 1665 noers

144 1711 164 1752 a
177 1687 305 1752 Zenone
323 1687 490 1752 definitum
502 1687 682 1752 rectissime
700 1686 849 1770 dicimus3
868 1688 923 1771 qui
938 1687 1023 1752 enirn
1041 1690 1152 1771 potest

87 1769 97 1786 '
144 1775 320 1861 quidquam
343 1774 582 1860 comprehendi,
609 1778 646 1839 ut
671 1774 769 1859 plane
796 1775 937 1840 confidas
964 1779 1152 1860 perceptum

143 1865 176 1929 id
198 1863 426 1949 cognitumque
450 1885 533 1944 esre,
556 1864 642 1946 quod
665 1867 715 1928 est
737 1863 819 1944 tale,
842 1864 935 1949 quale
958 1864 1009 1928 vel
1031 1863 1151 1928 falsum

144 1974 214 2017 esse
246 1950 385 2035 possiti)
419 1987 456 1997 -
490 1949 552 2015 hoc
586 1972 659 2015 cum
690 1951 834 2016 infirmat
864 1952 1013 2036 tollitque
1046 1951 1151 2034 Philo,
1264 2002 1265 2014 .

143 2039 297 2104 iudicium
324 2038 412 2103 tollit
438 2038 594 2123 incogniti
623 2043 655 2104 et
677 2041 807 2124 cogniti.
847 2039 898 2104 Ex
920 2061 987 2124 quo,
1011 2040 1152 2105 efficitur
1166 2064 1194 2104 so
1264 2115 1265 2118 Ἴ

142 2127 224 2192 nihil
266 2148 361 2210 posse
397 2127 632 2210 comprehendi.
689 2126 741 2193 Ita
775 2128 961 2212 imprudens
999 2149 1049 2209 eo,
1086 2151 1149 2213 quo

142 2215 274 2280 minime
301 2215 385 2298 volt,
412 2214 595 2280 revolvitur.
646 2215 752 2291 Quare
780 2217 883 2281 omnis
909 2216 1014 2294 oratio
1037 2221 1151 2281 contra

142 2303 351 2384 Academiam
384 2303 556 2387 suscipitur
587 2327 607 2368 a
637 2305 750 2388 nobie,
782 2308 819 2368 ut
849 2305 1045 2370 retineamus
1078 2327 1150 2370 eam

143 2391 375 2475 definitionem,
399 2413 495 2475 quam
517 2389 612 2456 Philo
637 2392 742 2457 voluit
763 2395 914 2459 evertere.
959 2393 1063 2470 Quam
1085 2393 1151 2458 nisi

100 2524 118 2586 7
144 2480 339 2565 obtinemus,
361 2479 485 2564 percipi
507 2479 587 2546 nihil
611 2488 706 2564 posse
730 2480 941 2546 concedimus
1164 2505 1191 2546 ar

90 2602 123 2650 19
210 2568 381 2633 Ordiamur
417 2567 516 2653 igitur
553 2591 572 2631 a
611 2569 772 2653 sensibus3
807 2591 942 2653 quorum
977 2570 1024 2634 ita
1061 2570 1151 2635 clara

140 2655 261 2721 iudicia
289 2659 322 2720 et
348 2659 436 2721 certe
468 2659 556 2739 sunt,
588 2659 637 2738 ut,
670 2657 697 2720 si
730 2657 818 2740 optio
850 2660 985 2723 naturae
1016 2662 1150 2723 nostrae
1264 2657 1265 2676 ¹

141 2745 248 2827 detur,
276 2747 309 2807 et
336 2744 377 2808 ab
401 2765 440 2808 ea
466 2744 544 2807 deus
575 2743 675 2827 aliqui
701 2745 857 2828 requirat,
886 2749 1078 2812 contentane
1107 2748 1151 2810 sit
1259 2778 1263 2784 ·

142 2832 209 2896 suis
252 2831 388 2932 integris
429 2831 688 2915 incorruptisque
725 2832 887 2917 sensibus,
928 2856 970 2900 an
1005 2835 1151 2918 postulet

141 2919 257 2984 melius
289 2918 427 3003 ahquid,
458 2940 526 2984 non
558 2919 699 3003 videam,
731 2921 807 3005 quid
838 2926 970 3006 quaerat
1000 2923 1150 3006 amplius.
1163 2949 1191 2990 ro

140 3005 209 3072 Nec
232 3027 309 3072 vero
336 3007 398 3071 hoc
424 3007 496 3071 loco
525 3007 774 3091 exspectandum
802 3013 864 3091 est,
890 3009 965 3074 dum
993 3010 1031 3075 de
1059 3032 1149 3076 remo

141 3095 260 3160 inflexo
284 3097 340 3159 aut
367 3095 406 3159 de
429 3095 512 3159 collo
536 3095 703 3160 columbae
726 3098 951 3182 respondeam,
973 3120 1039 3163 non
1062 3101 1150 3164 enim

140 3183 169 3248 is
194 3205 278 3267 sum,
302 3183 369 3266 qui,
392 3182 545 3268 quidquid
567 3183 706 3267 ridetur,
727 3185 796 3250 tale
819 3185 924 3252 dicam
947 3207 1029 3271 esse,
1054 3188 1149 3271 quale
1264 3185 1265 3210 ¹

141 3271 296 3336 videatur.
345 3269 506 3355 Epicurus
532 3271 595 3336 hoo
622 3272 739 3342 viderit
766 3277 798 3337 et
825 3274 890 3338 alia
919 3277 1029 3339 multa.
1075 3274 1148 3341 Meo

141 3360 250 3422 autem
272 3357 391 3424 iudicio
414 3360 461 3424 ita
484 3363 534 3424 est
555 3361 698 3424 maxima
728 3361 762 3425 in
785 3361 932 3427 sensibus
955 3363 1088 3447 veritas,
1120 3363 1148 3428 si
1163 3389 1189 3431 aa
1264 3371 1265 3376 ’

141 3448 174 3509 et
198 3446 265 3510 sani
291 3449 366 3511 sunt
389 3468 426 3512 ac
449 3447 608 3530 valenter,
624 3452 669 3512 et
692 3449 801 3514 omnia
822 3453 1040 3536 removentur,
1067 3473 1149 3536 quae

140 3533 274 3598 obstant
297 3538 330 3599 et
357 3534 545 3618 impediunt.
589 3533 702 3618 Itaque
726 3535 890 3602 etlumen
913 3539 1031 3603 mutari
1053 3561 1159 3625 saepe,
