2568 3948
337 230 404 284 LlB.
424 229 456 284 V.
485 229 561 284 CAP.
582 235 628 298 19,
648 235 689 284 20.
718 235 733 294 ἓ
752 235 874 285 60-66.
1047 230 1113 294 259

8 417 10 486 l
105 411 235 455 meeum
259 410 293 454 se
315 409 425 474 regem
446 389 684 456 Alexandream
706 391 853 466 contulit
898 389 960 466 Qui
983 411 1055 457 cum
1077 391 1114 456 in

8 489 10 532 l
105 478 169 542 hac
187 477 260 560 ipsa
278 477 498 560 philosophia,
520 478 560 544 ad
579 499 677 561 quarn
694 484 727 542 te
745 478 925 560 hortamur,
944 477 1114 544 excelleret

8 589 9 616 r
106 565 385 648 Theophrastique
409 568 493 630 esset
515 565 655 650 auditor,
682 565 786 632 multa
812 567 976 649 praeclara
998 566 1033 630 in
1055 567 1117 631 illo

107 653 298 718 calamitoso
322 653 389 718 otio
413 653 543 736 scripsit
564 675 631 718 non
658 653 698 716 ad
725 675 820 718 usum
847 654 988 737 aliquem
1011 675 1114 736 suum,

8 739 10 818 l
75 763 172 824 equo
196 743 266 804 erat
288 740 435 824 orbatus,
462 741 517 806 sed
541 741 641 806 animi
664 742 768 806 cultus
798 741 852 806 ille
875 745 945 806 erat
967 742 997 806 ei
1020 742 1113 825 quasi

8 829 9 850 ³
38 861 43 866 ·
106 828 240 912 quidam
266 827 479 894 humanitatis
507 828 608 894 cibus.
663 828 821 912 Equidem
848 851 865 893 e
893 827 948 894 On.
976 829 1114 912 Aufidio,

107 914 285 999 praetorio,
313 915 437 980 erudito
460 915 604 998 homine,
631 917 734 982 oeulis
757 919 863 999 capto,
889 938 984 1000 saepe
1006 916 1112 982 audie-

106 1005 197 1086 bam,
228 1025 301 1068 cum
332 1025 367 1068 sc
398 1004 480 1068 lucis
506 1005 611 1088 magis
644 1026 742 1088 quam
771 1003 922 1068 utilitatis
955 1004 1111 1070 desiderio

107 1091 232 1156 moveri
250 1090 379 1156 diceret.
406 1089 562 1159 Somnum
581 1091 717 1175 denique
734 1091 837 1169 nobis,
855 1093 918 1156 nisi
935 1092 1113 1176 requietem

60 1203 92 1244 ro
107 1179 298 1261 corporibus
335 1181 368 1242 et
398 1179 590 1244 medicinam
619 1179 781 1263 quandam
820 1179 940 1246 laboris
976 1180 1114 1263 efferret,

107 1268 222 1332 contra
239 1269 391 1330 naturam
412 1269 599 1348 putaremus
617 1267 742 1351 datum3
765 1266 871 1332 aufert
892 1268 978 1332 enim
1000 1289 1112 1334 sensus

8 1393 9 1400 κ
108 1354 330 1437 achonemque
357 1353 446 1418 tollit
471 1375 610 1420 omnem.
658 1354 773 1440 Itaque
801 1355 829 1420 si
858 1359 915 1420 aut
936 1355 1113 1439 requietem

105 1444 225 1506 natura
254 1463 322 1507 non
353 1445 521 1526 quaereret
551 1445 609 1508 aut
629 1464 708 1507 eam
738 1446 850 1526 posset
880 1443 946 1510 alia
975 1443 1113 1528 quadam
1217 1517 1220 1522 ,

8 1559 10 1632 q
106 1529 233 1594 ratione
264 1529 428 1614 consequi,
464 1528 557 1595 facile
586 1534 784 1613 pateremur,
811 1531 868 1614 qui
900 1531 999 1596 etiam
1029 1553 1113 1596 nunc

8 1633 10 1682 1
64 1640 93 1682 15
107 1615 226 1700 agendi
244 1616 369 1700 aliquid
385 1615 591 1702 discendique
610 1639 707 1682 causa
723 1639 822 1701 prope
837 1621 951 1684 contra
963 1621 1112 1683 naturam

8 1685 10 1776 l
106 1703 236 1788 vigilias
259 1704 422 1787 suspicere
444 1704 613 1770 soleamus.
1122 1768 1130 1796 ι

174 1789 257 1858 Sunt
288 1794 397 1858 autem
427 1793 525 1858 etiam
559 1793 697 1858 clariora
728 1793 779 1856 vel
817 1793 913 1876 plane
944 1767 1165 1892 perspicua252

106 1878 302 1963 minimeque
326 1879 503 1946 dubitanda
522 1880 643 1946 indicia
659 1883 806 1959 naturae,
828 1882 966 1946 maxime
990 1883 1113 1948 seilicet

106 1967 144 2030 in
170 1967 312 2049 homine,
340 1967 396 2032 sed
422 1968 567 2032 inomni
595 1969 741 2052 animali,
770 1973 808 2033 ut
830 1973 963 2052 appetat
986 1971 1112 2036 animus

64 2080 93 2120 eo
106 2074 203 2138 agere
230 2075 356 2138 semper
383 2055 504 2138 aliquid
530 2077 644 2140 neque
662 2057 730 2122 ulla
757 2057 942 2124 condicione
971 2058 1112 2142 quietem

107 2142 336 2225 sempiternam
362 2144 468 2224 possit
493 2144 571 2226 pati.
623 2143 731 2208 Facile
757 2147 808 2210 est
834 2145 895 2210 hoc
922 2167 1050 2212 eernere
1078 2147 1112 2212 in

105 2231 221 2313 primis
242 2251 416 2313 puerorum
443 2231 604 2296 aetatulis.
654 2231 856 2316 Quamquam
882 2234 968 2302 euim
991 2255 1111 2317 vereor,

105 2339 147 2381 ne
169 2318 289 2382 nimius
310 2317 346 2382 in
367 2317 430 2384 hoc
451 2338 567 2402 genere
586 2319 707 2403 videar,
728 2324 839 2385 tamen
857 2343 968 2386 omnes
988 2326 1111 2388 veteres

106 2403 307 2489 philosophi,
338 2405 477 2470 maxime
502 2406 622 2489 nostri,
653 2407 694 2470 ad
724 2409 917 2474 incunabula
948 2409 1111 2493 accedunt,

64 2491 192 2576 nequod
215 2492 249 2556 in
271 2493 410 2575 pueritia
436 2493 591 2560 facillime
614 2515 649 2558 se
671 2495 870 2561 arbitrentur
895 2500 1032 2562 naturae
1050 2519 1110 2562 -uo-

106 2581 267 2645 luntatem
289 2601 386 2664 posse
413 2602 614 2666 cognoscere.
659 2581 813 2648 Videmus
836 2583 949 2669 igitur,
978 2587 1015 2650 ut
1037 2607 1110 2651 oon·

106 2667 270 2750 quiescere
292 2689 333 2732 ne
354 2667 497 2734 Montes
519 2671 649 2754 quidem
671 2671 811 2754 possint,
838 2693 911 2738 cum
933 2693 1010 2740 vero
1032 2695 1110 2757 pau-

92 2751 98 2814 ,’
106 2756 175 2820 lum
194 2759 425 2838 processerunt,
444 2756 624 2822 lusionibus
644 2758 696 2822 vel
713 2758 886 2824 laboriosis
904 2760 1111 2846 delectantur,

106 2847 144 2906 ut
177 2864 219 2907 na
255 2843 442 2910 verberibus
478 2844 607 2928 quidem
644 2845 797 2911 deterreri
832 2849 973 2933 possint3
1010 2871 1110 2932 eaque

64 2955 91 2996 ao
105 2930 266 3014 cupiditas
289 2930 407 3014 agendi
430 2932 551 3015 aliquid
572 2933 730 3010 adulescit
757 2956 822 3000 una
845 2957 918 3002 oum
941 2937 1111 3002 aetatibus.

104 3017 232 3103 Itaque,
253 3038 294 3084 ue
312 3018 341 3084 si
358 3019 599 3086 iucundissimis
617 3021 746 3104 quidem
762 3045 822 3089 nos
842 3024 976 3090 somniis
995 3046 1110 3090 usuros

104 3110 269 3188 putemus,
298 3105 515 3190 Endymionis
540 3129 697 3174 somnum
732 3111 827 3176 nohis
864 3113 999 3178 velimus
1032 3112 1110 3197 dari,

104 3193 200 3278 idque
224 3194 252 3258 si
276 3194 412 3276 accidat,
434 3195 550 3260 mortis
571 3197 677 3261 instar
698 3201 857 3280 putemus.
903 3200 988 3276 Quin
1011 3200 1108 3266 etiam
1128 3213 1161 3263 sc

104 3280 318 3346 inertissimos
350 3281 497 3350 homines
532 3283 642 3349 neseio
675 3306 738 3368 qua
773 3286 931 3370 singulari
966 3289 1110 3371 nequitia

64 3367 269 3452 iepraeditos
291 3369 436 3435 videmus
459 3373 568 3436 tamen
591 3375 624 3436 et
646 3391 780 3455 corpore
803 3378 836 3438 et
856 3375 963 3440 animo
986 3378 1109 3441 moveri

104 3477 232 3540 semper
254 3459 299 3539 et,
326 3478 397 3522 cum
419 3479 455 3523 re
477 3459 568 3524 nulla
594 3459 810 3544 impediantur
831 3464 1025 3547 necessaria,
1053 3469 1109 3531 aut

104 3543 266 3611 alveolum
291 3565 422 3628 poscere
449 3549 506 3610 aut
533 3567 683 3629 quaerere
713 3550 897 3632 quempiam
920 3551 1030 3618 ludum
1052 3559 1109 3618 aut

895 3654 947 3707 17*
