2574 3956
124 216 187 280 108
285 215 335 270 DE
353 213 499 270 FINIBUS
517 213 697 270 BONORUM
716 213 763 268 ET
782 213 965 270 MALORUM

121 378 305 461 voluptates
333 376 463 444 effluere
490 376 635 461 patiatur
663 396 836 460 earumque
869 375 998 441 assidua
1029 397 1136 441 recor-

123 466 253 532 datione
269 466 423 550 laetetur,
440 465 516 551 quid
533 468 599 549 est,
616 464 703 549 quod
719 463 783 528 huo
801 464 920 548 possit,
938 484 1000 548 quo
1017 463 1135 530 melius

123 556 179 638 sit,
202 553 374 620 accedere?
409 552 521 620 Statue
541 555 655 618 eontra
673 553 814 636 aliquem
832 551 1014 632 confectum
1031 552 1135 618 tantis
1159 573 1161 578 ·

123 642 222 708 animi
237 643 446 727 corporisque
460 642 636 725 doloribus,
650 641 763 726 quanti
776 641 812 706 in
825 639 990 707 hominem
1000 641 1135 706 maximi

123 732 236 798 eadere
268 732 419 816 possunt,
449 730 540 796 nulla
567 750 624 814 spe
651 729 819 814 proposita
844 728 913 795 fore
942 728 1044 794 levius
1076 729 1163 797 ali-a
1253 747 1256 752 ’

122 819 260 905 quaudo,
276 820 368 885 nulla
384 821 552 903 praeterea
569 839 673 902 neque
690 817 855 902 praesenti
871 837 931 883 neo
948 821 1135 902 exspectata
1275 875 1277 906 ,

122 908 304 991 voluptate,
336 907 414 991 quid
447 928 485 974 eo
517 906 666 972 miserius
698 905 762 971 diei
797 909 854 973 aut
883 906 966 991 fingi
1001 905 1134 989 potest?
1275 909 1277 956 l

123 996 245 1073 Quodsi
271 996 340 1062 vita
375 994 542 1061 doloribus
569 994 690 1060 referta
718 993 857 1058 maxime
888 993 1043 1079 fugienda
1075 998 1135 1076 est,

122 1106 285 1150 summum
306 1083 453 1169 profecto
476 1083 598 1148 malum
626 1086 676 1148 est
698 1082 806 1149 vivere
829 1103 902 1149 cum
930 1081 1054 1167 dolore3
1082 1082 1135 1148 cui

123 1173 302 1238 sententiae
330 1174 579 1237 consentaneum
611 1175 661 1236 est
692 1170 844 1236 ultimum
872 1191 943 1238 esee
974 1170 1135 1237 bonorum
1150 1197 1177 1237 ιι

122 1283 196 1326 oum
219 1260 386 1345 voluptate
408 1259 524 1326 vivere.
573 1257 642 1324 Nec
669 1259 755 1324 enim
784 1259 885 1325 habet
906 1261 1020 1324 nostra
1041 1279 1134 1323 mens
1246 1311 1248 1316 ,

123 1349 307 1432 quicquam,
334 1346 390 1412 ubi
413 1348 572 1414 consistat
589 1348 784 1432 tamquam
774 1367 810 1430 m
828 1350 986 1429 extremo,
1008 1367 1135 1412 omnes-

123 1459 184 1522 que
206 1439 240 1501 et
263 1439 368 1500 metus
397 1438 430 1502 et
456 1435 675 1522 aegritudines
704 1435 745 1500 ad
775 1422 918 1500 dolorem
941 1396 1136 1517 relexantur,

122 1546 181 1590 neo
203 1529 372 1609 praeterea
394 1528 444 1590 est
465 1545 518 1590 res
540 1523 623 1608 ulla,
646 1544 728 1609 quae
751 1545 810 1589 sua
828 1526 946 1589 natura
968 1525 1025 1588 aut
1047 1523 1136 1589 solli-

68 1628 103 1676 42
123 1614 222 1678 citare
249 1613 353 1698 possit
339 1615 439 1678 taut
465 1632 593 1698 angere.
641 1611 816 1677 Praeterea
843 1615 876 1676 et
905 1611 1078 1696 appetendi
1103 1615 1136 1676 et
1150 1637 1177 1678 ιι
1276 1621 1277 1650 ³

123 1701 302 1787 refugiendi
334 1705 367 1766 et
397 1701 529 1768 omuino
556 1721 663 1766 rerum
692 1699 906 1784 gerendarum
934 1700 1029 1766 initia
1061 1720 1134 1784 pro-

122 1791 309 1856 ficiscuntur
335 1794 392 1857 aut
415 1813 434 1856 a
456 1789 622 1873 voluptate
651 1792 708 1854 aut
735 1811 754 1854 a
782 1787 900 1853 dolore.
946 1786 1039 1865 Quod
1062 1810 1136 1854 oum

123 1879 170 1944 ita
193 1879 249 1958 sit,
271 1879 476 1963 perspicuum
499 1881 550 1942 est
573 1876 677 1942 omnis
706 1880 812 1942 rectas
833 1896 884 1941 res
904 1879 939 1942 at
940 1896 1001 1961 que
1024 1875 1133 1941 lauda·

122 1965 199 2031 bilis
229 1988 266 2032 eo
289 1966 416 2045 referri,
446 1970 483 2030 ut
505 1987 578 2030 cum
601 1965 768 2049 voluptate
792 1964 880 2030 vivat
882 1987 928 2030 ur.
974 1963 1135 2042 Quoniam

100 2057 232 2119 ,autem
254 2054 287 2118 id
310 2057 361 2119 est
382 2053 434 2118 vel
457 2075 616 2119 summum
635 2053 687 2118 vel
710 2053 861 2130 ultimum
883 2054 937 2118 vel
955 2055 1135 2118 extremum
1148 2080 1177 2120 ao

123 2144 280 2208 bonorum
306 2139 405 2226 (quod
432 2139 548 2206 Graeci
573 2139 667 2218 τέλος
692 2139 889 2227 nominant),
917 2140 1002 2225 quod
1026 2141 1135 2226 ipsum
1205 2157 1208 2161 ·

121 2229 245 2296 nullam
278 2229 318 2296 ad
350 2230 448 2294 aliam
479 2251 563 2314 rem,
596 2230 637 2294 ad
667 2229 701 2294 id
728 2233 837 2295 autern
868 2251 920 2295 res
951 2227 1136 2296 referuntur

123 2339 249 2401 omnes,
278 2317 446 2383 fatendum
479 2322 528 2382 est
560 2339 721 2383 summum
752 2339 822 2382 esse
850 2319 971 2383 bonum
998 2317 1135 2384 iucunde

122 2407 240 2472 vivere

71 2503 113 2565 13
188 2495 227 2560 Id
250 2495 305 2581 qui
327 2495 362 2560 in
379 2517 444 2560 una
461 2496 581 2560 virtute
599 2497 724 2579 ponunt
743 2497 777 2559 et
800 2494 970 2578 splendore
992 2493 1176 2562 neminisse

123 2583 224 2685 capti,
251 2583 327 2668 quid
355 2586 472 2649 natura
504 2584 661 2668 postulet,
688 2604 755 2648 non
785 2582 994 2668 intellegrmt,
1026 2603 1135 2648 errore

122 2672 278 2754 maxime,
306 2671 334 2737 si
357 2670 534 2754 Epicurum
561 2671 671 2736 audire
700 2669 874 2756 voluerint,
900 2670 1135 2737 liberabuntur.

122 2759 210 2824 Istae
237 2760 323 2824 enim
349 2762 476 2823 vestrae
504 2759 639 2824 eximiae
666 2758 882 2843 pulchraeque
910 2759 1047 2825 virtutes
1070 2759 1135 2824 nisi

122 2847 323 2931 voluptatem
347 2846 523 2932 efficerent,
549 2847 620 2932 quis
645 2862 699 2912 eas
723 2851 780 2913 aut
801 2846 976 2913 laudabilis
1000 2849 1058 2912 aut
1081 2869 1135 2913 ex-

121 2934 277 3021 petendae
300 2934 537 3002 arbitraretur?
573 2933 619 3001 Ut
638 2935 725 3001 enim
742 2935 940 3001 medicorum
964 2935 1133 3001 scientiam
1148 2963 1176 3004 eo

121 3045 188 3089 non
210 3022 312 3108 ipsius
336 3024 429 3107 artis,
456 3025 513 3095 sed
540 3024 649 3091 bonae
671 3022 865 3089 valetudinis
893 3045 992 3090 causa
1016 3023 1134 3108 proba·

121 3134 202 3197 mus,
221 3115 254 3178 et
272 3111 499 3197 gubernatoris
514 3134 577 3197 ars,
596 3112 672 3197 quia
685 3111 767 3178 bene
779 3112 955 3198 navigandi
972 3112 1134 3178 rationem

120 3200 235 3285 habet,
257 3200 413 3285 utilitate,
431 3222 498 3266 non
519 3204 591 3267 arte
608 3200 774 3283 laudatur,
797 3200 844 3266 sio
862 3199 1032 3284 sapientia,
1051 3221 1135 3284 quae

121 3311 173 3354 ars
204 3288 332 3355 vivendi
364 3290 509 3374 putanda
540 3293 604 3372 est,
640 3310 707 3353 non
738 3291 953 3372 expeteretur,
990 3287 1019 3354 ai
1049 3287 1134 3354 nihil

121 3375 276 3461 efficeret3
307 3399 393 3443 nuno
420 3377 596 3462 expetitur,
628 3376 713 3460 quod
741 3378 792 3453 est
818 3380 986 3460 tamquam
1016 3375 1133 3442 artifex
1147 3402 1175 3444 ιι
1245 3423 1264 3454 ,-

66 3486 101 3536 ιι
122 3465 356 3548 conquirendae
371 3468 404 3529 et
416 3464 652 3549 comparandae
667 3464 853 3548 voluptatis.
886 3461 1006 3550 (Quam
1023 3467 1133 3531 autem

120 3570 181 3635 ego
209 3552 314 3617 dicam
340 3552 556 3636 voluptatem,
578 3552 645 3616 iam
668 3551 799 3637 videtis,
826 3572 867 3618 ne
890 3551 1012 3618 invidia
1041 3553 1134 3618 verbi
