2574 3956
331 301 336 312 ¹
360 231 427 287 ΜΒ.
447 232 493 287 ΙΙΙ,
526 231 601 288 CAP.
623 237 709 285 e-s.
737 236 893 296 saa-as.
1068 232 1130 295 181

124 392 279 456 statuerit
305 392 388 457 nihil
416 413 500 475 esse,
528 393 614 476 quod
641 392 769 456 intersit
797 397 854 457 aut
886 391 1013 457 differat
1044 393 1132 457 aliud

125 481 166 545 ab
191 480 270 563 alio,
292 482 421 563 praeter
442 479 581 545 honesta
603 483 637 544 et
658 481 775 564 turpia.

191 567 367 632 Videamus
385 589 484 650 nunc,
508 590 605 653 quam
624 568 689 632 sint
710 568 873 652 praeclare
891 568 948 632 illa
970 568 1032 651 his,
1050 591 1131 654 quae
1150 583 1184 632 26

124 656 190 720 ianr
217 656 326 739 posui,
359 656 593 741 consequentia.
643 654 724 720 Cum
755 658 840 720 enim
868 656 930 720 hoc
960 657 1003 721 sit
1030 661 1131 721 extre·

97 764 213 808 rmum
247 743 363 827 (sentis
392 744 491 826 enim,
523 745 630 826 credo,
662 765 713 810 me
740 744 806 808 iam
834 743 902 828 diu,
930 745 1014 828 quod
1040 743 1133 822 τέλος

125 830 241 896 Graeci
269 831 394 914 dicunt,
421 831 455 896 id
485 832 588 896 dicere
611 833 681 896 tum
704 835 923 915 extremum,
945 837 1016 896 tum
1039 833 1132 897 ulti·

124 941 236 1002 mum,
263 922 333 982 tum
361 941 556 1003 summum,
584 920 696 984 licebit
722 920 820 983 etiam
847 920 963 984 finem
990 941 1049 1003 pro
1080 943 1132 998 ex-

123 1010 228 1072 hemo
256 1011 314 1072 aut
340 1007 456 1072 ultimo
484 1005 617 1094 dicere),
645 1029 717 1072 cum
744 1007 846 1091 igitur
873 1007 936 1074 hoc
961 1008 1005 1073 sit
1032 1013 1132 1073 extre·

124 1115 226 1177 mum,
268 1099 484 1179 congruenter
522 1099 656 1160 naturae
693 1097 979 1181 convenienterque
1014 1097 1133 1180 vivere,

6 1208 11 1220 ·
85 1209 109 1248 ιο
123 1184 306 1248 necessario
335 1183 481 1268 sequitur
507 1205 618 1248 omnes
647 1184 809 1267 sapientes
838 1205 965 1267 semper
986 1183 1133 1267 feliciter,

124 1271 287 1354 absolute,
312 1269 479 1336 fortunate
507 1271 627 1356 vivere,
657 1272 751 1335 nulla
781 1292 817 1336 re
847 1272 1010 1356 impediri,
1042 1273 1133 1337 nulla

123 1358 306 1442 prohiberi,
339 1359 431 1423 nulla
468 1379 570 1443 egere.
627 1358 719 1435 Quod
751 1364 859 1424 autem
892 1361 1036 1425 continet
1066 1382 1132 1425 non

123 1447 229 1530 magis
258 1467 330 1511 eam
356 1447 576 1530 disciplinam,
602 1447 641 1511 de
663 1470 727 1532 qua
754 1447 883 1531 loquor,
911 1470 1008 1532 quam
1030 1449 1132 1513 vitam

124 1534 334 1618 fortunasque
364 1538 509 1616 nostras,
540 1535 573 1598 id
601 1540 651 1600 est
679 1540 729 1618 ut,
762 1535 846 1621 quod
877 1535 1051 1600 honestum
1079 1537 1132 1620 sit,

85 1647 110 1688 15
125 1621 157 1686 id
181 1622 286 1686 solum
309 1623 428 1688 bonurn
451 1623 642 1706 iudicemus,
670 1627 778 1706 potest
800 1623 833 1686 id
857 1622 984 1706 quidem
1005 1624 1075 1688 fuse
1099 1629 1132 1688 et

123 1711 252 1792 copiose
275 1713 308 1774 et
331 1710 480 1774 omnibus
504 1688 707 1776 electissimis
730 1710 837 1776 verbis
867 1711 1131 1796 gravissimisque

124 1797 293 1862 sententiis
329 1798 488 1863 rhetorice
526 1802 558 1862 et
594 1799 705 1883 augeri
741 1802 774 1862 et
810 1799 934 1882 ornari,
970 1798 1025 1863 sed
1057 1821 1131 1865 eon-

124 1885 262 1950 sectaria
298 1907 349 1949 me
386 1884 568 1951 Stoicorum
610 1885 721 1951 brevia
757 1890 789 1950 et
826 1890 920 1951 acuta
960 1887 1130 1952 delectant.
1157 1941 1177 2003 8

123 1972 368 2039 Concluduntur
395 1974 495 2058 igitur
517 1995 628 2040 eorum
656 1978 847 2059 argumenta
870 1974 929 2039 sie:
966 1974 1058 2051 Quod
1081 1981 1131 2041 est
1150 2019 1184 2068 27

83 2087 109 2126 20
123 2061 258 2141 bonum,
291 2083 385 2136 omne
416 2061 578 2127 laudabile
611 2066 675 2146 est,
711 2063 797 2146 quod
828 2065 936 2127 autem
967 2063 1131 2129 laudabile

124 2153 188 2231 est,
225 2170 319 2213 omne
356 2153 406 2214 est
440 2149 626 2234 honestum,
662 2152 782 2216 bonum
817 2151 918 2238 igitur
953 2153 1038 2236 quod
1072 2156 1132 2237 est,

122 2237 306 2301 honestum·
315 2242 372 2302 est.
409 2235 536 2303 Satisne
554 2239 616 2303 hoc
635 2239 985 2304 conclusumvidetur?
1023 2238 1130 2322 Certe3

123 2324 209 2408 quod
246 2325 332 2389 enim
369 2325 568 2391 efficiebatur
603 2349 642 2390 ex
678 2328 718 2391 iis
755 2328 892 2408 duobus,
925 2349 1007 2411 quae
1038 2333 1131 2408 erant

123 2416 266 2495 sumpta,
288 2413 323 2476 in
345 2434 382 2477 eo
405 2413 494 2478 vides
518 2436 589 2478 esse
612 2414 807 2480 conclusum.
844 2412 991 2480 Duorum
1014 2420 1131 2499 autem,

82 2521 141 2566 ase
170 2501 286 2584 quibus
314 2501 426 2565 effecta
454 2503 616 2567 conclusio
650 2507 712 2585 est,
744 2506 859 2566 eontra
889 2503 1035 2584 superius
1067 2503 1131 2568 diei

124 2589 208 2652 solet
238 2609 303 2653 non
338 2610 431 2654 omne
465 2590 585 2655 bonum
614 2611 685 2654 esse
711 2589 882 2654 laudabile.
931 2589 1018 2654 Nam
1045 2591 1131 2676 quod

124 2675 286 2740 laudabile
309 2677 364 2760 sit,
386 2676 557 2743 honestum
581 2699 650 2742 esse
678 2677 872 2743 conceditur.
914 2676 1000 2743 Illud
1024 2683 1130 2744 autem

122 2764 370 2848 perabsurdum,
392 2765 513 2830 bouum
536 2788 607 2831 esse
629 2765 763 2851 aliquid,
786 2765 871 2850 quod
891 2788 958 2832 non
980 2772 1130 2852 expeten-

122 2851 198 2917 dum
222 2852 278 2935 sit,
302 2857 358 2917 aut
382 2853 608 2938 expetendum,
622 2854 722 2938 'quod
744 2876 810 2919 non
833 2855 977 2938 placens,
1007 2861 1077 2940 aut,
1101 2857 1130 2921 si

81 2965 107 3005 ru
121 2940 168 3022 id,
195 2962 262 3005 non
294 2941 392 3004 etiam
425 2940 637 3026 diligendum3
669 2945 808 3034 ergoet
833 2943 1050 3027 probandum,
1082 2945 1129 3008 ita

121 3028 223 3092 etiam
254 3027 429 3111 laudabile3
466 3029 500 3093 id
536 3033 644 3094 autem
679 3030 859 3095 honestum.
916 3030 970 3097 Ita
998 3032 1048 3109 fit,
1084 3035 1128 3114 ut,

121 3116 206 3199 quod
242 3115 362 3181 bonum
399 3118 458 3200 sit,
493 3117 527 3180 id
564 3117 661 3182 etiam
691 3117 864 3184 honestum
898 3119 948 3183 sit.
1006 3117 1128 3183 Deinde
1147 3141 1181 3190 28

120 3225 255 3287 quaero,
287 3204 359 3288 quis
387 3207 443 3268 aut
470 3204 509 3268 de
536 3205 656 3270 misera
682 3206 751 3271 vita
777 3206 882 3289 possit
910 3206 1043 3290 gloriari
1071 3211 1128 3273 aut

120 3291 158 3355 de
180 3313 247 3357 non
270 3291 376 3356 beata.
412 3291 462 3356 De
481 3292 552 3357 sola
569 3293 671 3378 igitur
693 3293 798 3358 beata.
834 3293 884 3358 Ex
907 3315 969 3379 quo
989 3293 1128 3358 efficitur

79 3401 107 3444 cs
121 3379 330 3463 gloriatione,
352 3383 390 3444 ut
412 3381 460 3444 ita
483 3381 601 3464 dicam,
624 3381 756 3465 dignam
774 3403 844 3446 esse
867 3382 996 3451 beatam
1017 3382 1127 3466 vitam,

119 3467 206 3550 quod
233 3488 300 3531 non
326 3467 431 3550 possit
456 3467 521 3532 nisi
547 3468 703 3534 honestae
726 3469 812 3533 vitae
840 3470 908 3532 iure
932 3469 1127 3553 contingere.

118 3553 170 3619 lta
196 3555 248 3638 fit,
275 3557 313 3618 ut
339 3553 477 3620 honesta
499 3556 568 3622 uita
594 3555 691 3620 beata
713 3557 782 3620 rita
805 3555 856 3620 sit.
901 3555 946 3620 Et
974 3558 1126 3640 quoniam
