2564 3952
349 225 417 278 me.
435 223 469 280 11.
498 225 574 278 cer.
595 232 641 294 ro,
663 230 702 280 rr.
728 230 885 292 cer-41.
1057 229 1123 294 343

113 385 263 450 Abducet
289 385 482 469 Patricoles,
510 387 619 470 credo,
645 389 682 451 ut
709 388 856 452 conlocet
884 388 919 453 in
945 390 1056 475 cubili,
1086 395 1123 456 ut

111 474 229 540 volnus
253 474 387 558 obliget
433 471 596 558 Siquidem
625 474 723 539 homo
740 479 845 550 'essetr
873 477 929 541 sed
951 478 1034 541 nihil
1057 479 1122 544 vidi

111 562 230 628 minus.
276 561 410 638 Quaerit
433 563 531 645 enim,
554 561 630 646 quid
653 566 760 628 actum
783 563 839 630 sit:

179 683 214 749 P.
241 684 447 770 Eloquere,
469 686 664 769 eloquere,
686 687 746 750 res
766 685 953 769 Argivum
971 690 1121 772 proelio

728 777 769 838 ut
792 796 835 839 se
858 777 1034 842 ststinet.

82 886 96 928 ο
180 857 219 926 Ε.
242 859 326 926 Non
350 861 454 945 pdtis
473 859 594 926 ecfari
616 861 766 926 trintum
788 862 919 947 dictis,
941 867 1121 949 quintum

715 949 834 1016 factis
859 953 1034 1036 sdppetit

246 1035 420 1103 Laboris.

111 1177 249 1254 Quiesce
275 1178 376 1263 igitur
402 1182 436 1244 et
465 1179 580 1244 volnus
611 1179 728 1263 adliga.
772 1180 912 1246 Etiamsi
935 1182 1121 1267 Eurypylus

8 1363 9 1368 γ
110 1268 239 1350 posset,
260 1275 336 1331 non·
347 1270 460 1350 posset
482 1267 637 1351 Aesopus.

178 1387 217 1454 Il.
249 1372 324 1454 Ubi
364 1389 523 1455 fortuna
561 1387 741 1456 Hectoris
783 1397 952 1457 nostram
997 1415 1121 1458 acrem

603 1479 722 1544 eciem
750 1478 979 1544 inclinatdnr
998 1529 1006 1544 .
1025 1530 1031 1545 .

71 1645 98 1684 ιο
112 1621 146 1682 et
163 1621 270 1683 cetera
289 1619 430 1702 explicat
448 1619 481 1684 in
500 1619 620 1685 dolore.
658 1617 711 1684 Sic
729 1623 780 1684 est
798 1619 885 1683 enim
903 1620 1120 1703 intemperans

112 1706 265 1770 militaris
292 1707 326 1771 in
353 1705 430 1772 forti
459 1708 530 1772 viro
558 1707 673 1792 gloria
720 1705 810 1792 Ergo
841 1707 920 1772 haec
950 1711 1120 1774 veteranus

7 1873 9 1880 y
112 1794 205 1858 miles
224 1793 329 1859 iacere
347 1795 477 1879 poterit,
496 1796 609 1860 doctus
624 1796 674 1860 vir
692 1795 882 1878 sapiensque
895 1817 962 1860 non
978 1797 1120 1882 poterit?

111 1879 171 1946 Ille
199 1903 275 1947 vero
302 1883 429 1966 melius,
458 1905 494 1948 ac
521 1905 587 1948 non
612 1883 710 1966 paulo
737 1883 875 1967 quidem.
925 1881 987 1948 Sed
1017 1884 1119 1949 adhuc
1138 1899 1172 1946 40

112 1970 151 2034 de
191 1971 421 2036 consuetudine
458 1971 697 2036 exercitationis
735 1972 866 2056 loquor,
902 1971 1044 2037 nondum
1081 1972 1119 2037 de

73 2083 98 2124 ιο
112 2058 239 2124 ratione
261 2063 295 2123 et
318 2059 485 2142 sapientie.
503 2075 507 2084 '
527 2059 682 2124 Aniculae
705 2081 801 2142 saepe
823 2059 964 2124 inediam
987 2060 1120 2124 biduum

6 2201 7 2208 ,
113 2151 169 2211 eut
192 2146 333 2211 triduum
355 2146 471 2212 ferunt.
508 2145 635 2213 Subduc
659 2148 766 2213 cibum
787 2169 888 2213 unum
909 2148 994 2213 diem
1018 2147 1119 2213 athle-

111 2238 180 2317 tae,
206 2233 317 2300 Iovem
340 2234 541 2320 Olympium,
569 2258 641 2304 eum
668 2236 789 2320 ipsum,
815 2237 868 2301 oui
890 2259 925 2301 se
951 2238 1120 2321 exercebit,

112 2323 301 2406 implorabit,
325 2323 408 2388 ferre
426 2345 491 2388 non
509 2345 604 2407 posse
621 2344 653 2390 oe
671 2325 834 2389 clamabit.
869 2321 1119 2389 consuetudinis

112 2431 232 2496 magua
254 2411 305 2475 vis
327 2415 384 2475 est.
420 2410 617 2476 Pernoctant
638 2415 808 2476 venatores
829 2411 862 2476 in
880 2412 953 2476 nive
976 2412 1011 2475 in
1030 2433 1119 2476 mon-

72 2499 213 2582 sotibus,
244 2499 295 2564 uri
325 2521 360 2563 se
386 2500 553 2583 patiuntur
580 2497 665 2582 Indi,
696 2499 821 2582 pugiles
851 2499 1015 2562 caestibus
1045 2519 1119 2563 con·

111 2587 177 2650 tusi
203 2609 244 2652 ne
271 2588 494 2672 ingemescunt
520 2586 656 2671 quidem.
707 2584 769 2651 Sed
795 2586 872 2670 quid
898 2585 972 2669 hos,
1002 2586 1118 2669 quibus
1137 2600 1168 2648 41

112 2673 337 2759 Olympiorum
360 2676 497 2740 victoria
520 2675 706 2740 consulatus
724 2674 780 2737 ille
799 2674 948 2756 antiquus
970 2673 1119 2739 videtur?

112 2763 324 2846 gladiatores,
356 2766 412 2827 aut
445 2763 565 2847 perditi
595 2762 744 2828 homines
776 2766 833 2826 aut
864 2763 1008 2844 barbari,
1040 2785 1119 2847 quas

111 2852 226 2936 plagas
255 2851 434 2935 perierunt!
465 2873 529 2936 quo
559 2850 654 2916 modo
684 2851 746 2933 illi,
778 2850 833 2934 qui
865 2851 946 2916 bene
978 2851 1120 2915 instituti

73 2963 99 3004 ιο
113 2944 201 3022 sunt,
229 2939 373 3023 accipere
399 2940 529 3024 plagam
557 2940 683 3003 malunt
709 2959 804 3022 quam
831 2939 970 3023 turpiter
1002 2941 1118 3004 vitaret

112 3048 323 3112 quamsaepe
342 3033 479 3111 apparet
495 3027 578 3091 nihil
597 3049 653 3092 eos
676 3027 771 3091 malle
794 3047 891 3110 quam
913 3028 965 3092 vel
988 3025 1118 3092 domiuo

112 3115 192 3180 satis
215 3113 390 3180 facererel
412 3115 546 3200 populo!
569 3115 702 3179 mittunt
721 3115 819 3178 etiam
840 3114 1025 3180 volneribus
1044 3135 1119 3178 cou-
1243 3155 1245 3160 ,
1271 3143 1272 3194 ;

6 3243 8 3272 ο
111 3203 188 3268 fecti
211 3202 251 3267 ad
274 3202 435 3286 dominos,
465 3204 519 3288 qui
542 3206 711 3286 quaerant,
740 3202 818 3288 quid
832 3202 953 3286 'velint3
982 3202 1010 3266 si
1039 3202 1118 3266 satis

111 3291 150 3362 iis
177 3291 300 3356 factum
327 3292 384 3375 sit,
411 3313 445 3356 se
472 3291 555 3356 velle
586 3291 785 3355 decumbere.
838 3289 917 3365 Quis
949 3288 1118 3354 mediocris

74 3404 100 3444 οο
113 3379 275 3464 gladiator
305 3379 477 3465 ingemuit,
515 3378 587 3463 quis
618 3380 743 3444 vultum
775 3378 913 3442 mutarit
944 3377 1118 3462 umquam?

112 3468 183 3552 quis
205 3488 272 3533 non
294 3468 390 3533 modo
409 3467 512 3551 stetit,
536 3488 645 3531 verum
665 3466 763 3531 etiam
786 3464 939 3528 decubuit
956 3465 1117 3548 turpiter?

111 3555 195 3640 quis,
219 3575 291 3620 curn
315 3555 531 3632 decubuisset,
557 3554 678 3618 ferrum
701 3552 842 3634 recipere
867 3552 973 3617 iussus
997 3553 1117 3618 collum
