2552 3966
160 197 205 260 74
417 191 708 248 ACADEMICORUM
726 191 891 246 PRIORUM

161 358 247 422 enim
270 353 398 442 vultis),
426 358 552 419 tantam
573 354 640 418 vim
668 355 829 418 natricum
851 353 1096 436 viperarumque
1124 353 1176 418 fe·
1263 431 1264 434 Ἴ

162 447 250 529 cerit,
280 447 426 508 curtam
450 443 553 507 multa
583 442 738 526 pestifera
770 446 857 506 terra
880 441 1024 525 marique
1047 441 1174 525 disper·
1263 437 1264 498 Ῠ

162 534 253 598 serit!
282 531 421 616 Negatis
443 530 524 596 haec
546 535 615 595 tam
637 531 737 614 polite
759 534 890 614 tamque
906 529 1070 594 subtiliter
1084 529 1173 594 effici

162 621 306 706 potuisse
331 621 400 684 sine
423 619 533 683 divina
552 618 661 702 aliqua
675 617 834 702 sollertia3
859 617 948 688 ouius
968 616 1098 701 quidem
1111 639 1172 682 vos
1263 681 1264 684 ,

162 709 364 772 maiestatem
393 706 547 771 deducitis
570 727 671 790 usque
694 707 734 771 ad
762 705 870 789 apium
900 705 1203 789 formicarumques
1263 751 1264 754 ¹

161 797 407 881 perfectionem,
437 798 473 858 ut
496 795 594 859 etiam
622 797 705 858 inter
733 794 809 858 deos
832 793 1045 878 Myrmecides
1070 794 1172 878 aliqui

161 886 358 950 minutorum
393 883 620 967 opusculorum
660 882 837 946 fabricator
876 881 976 947 fuisse
1012 882 1173 948 videatur.

102 989 159 1038 2121
182 971 292 1058 Negas
316 973 385 1036 sine
408 970 467 1036 deo
494 992 591 1055 posse
614 971 792 1055 quicquam.
832 969 915 1034 Ecce
938 969 999 1034 tibi
1023 991 1040 1034 e
1063 975 1173 1034 trans-

160 1083 253 1126 verso
277 1059 514 1142 Lampsacenus
538 1057 661 1142 Strato,
694 1059 749 1142 qui
776 1059 830 1122 det
859 1058 915 1122 isti
938 1058 997 1122 deo
1021 1059 1173 1135 immuni·
1263 1133 1264 1138 γ

160 1152 263 1215 tatem
295 1147 407 1231 magni
443 1146 572 1231 quidem
608 1147 748 1210 muneris
786 1145 846 1232 (et,
882 1167 954 1210 cum
986 1147 1172 1211 sacerdotes
1188 1172 1215 1210 ro
1263 1163 1264 1168 ’

161 1238 294 1302 deorum
317 1235 519 1300 vacationem
548 1234 704 1318 habeant,
738 1237 859 1319 quanto
883 1237 932 1298 est
955 1235 1089 1319 aequius
1113 1235 1173 1299 ha·
1263 1301 1264 1304 ,

160 1325 236 1390 bere
259 1325 349 1408 ipsos
373 1323 496 1406 deos!)3
526 1326 626 1406 negat
649 1344 747 1406 opera
773 1322 906 1387 deorum
929 1343 963 1386 se
986 1323 1036 1386 uti
1059 1323 1100 1386 ad
1123 1325 1172 1405 fa-

160 1413 350 1477 bricandum
373 1411 536 1476 mundum.
583 1410 807 1495 Quaecumque
836 1411 914 1493 sint,
945 1411 1038 1476 docet
1061 1413 1173 1476 omnic

161 1501 275 1565 effecta
293 1521 363 1564 esse
386 1504 512 1583 natura,
533 1519 602 1582 nec,
625 1501 662 1562 ut
684 1498 748 1580 ille,
772 1499 826 1582 qui
845 1499 968 1582 asperis
988 1503 1021 1563 et
1042 1499 1172 1565 levibus

161 1593 193 1654 et
215 1588 357 1653 hamatis
376 1588 602 1672 uncinatisque
621 1587 808 1669 corporibus
828 1591 977 1651 concreta
1000 1587 1080 1652 haec
1099 1609 1172 1652 esse
1187 1611 1212 1652 11

160 1678 246 1741 dicat
284 1677 452 1740 interiecto
491 1675 579 1740 inani
610 1711 647 1723 -
680 1674 821 1759 (somnia
847 1679 957 1739 censet
988 1675 1078 1752 hacc
1098 1697 1171 1740 esse

160 1764 341 1830 Democriti
362 1787 430 1829 non
452 1762 606 1847 docentis,
630 1763 685 1827 sed
705 1760 865 1847 optantis)
887 1763 957 1846 ipse
976 1768 1085 1827 autern
1104 1765 1169 1828 sin·
1263 1785 1264 1790 ¹

161 1853 255 1937 gulas
277 1852 388 1916 mundi
410 1857 518 1934 partes
549 1872 756 1934 persequens,
788 1851 942 1935 quidquid
965 1854 1021 1915 aut
1044 1852 1088 1916 sit
1112 1857 1171 1916 aut
1263 1865 1264 1932 s

160 1943 228 2024 fiat,
250 1940 452 2004 naturalibus
475 1939 545 2002 fieri
560 1942 616 2002 aut
637 1939 759 2004 facturn
774 1961 843 2004 esse
861 1939 954 2003 docet
971 1940 1169 2022 ponderibus
1263 1965 1264 1990 ³

161 2032 195 2092 et
217 2028 369 2092 motibus
409 2025 459 2090 Ne
482 2025 537 2089 ille
561 2030 593 2090 et
615 2025 710 2090 deum
734 2049 829 2111 opere
851 2048 970 2111 magno
994 2027 1114 2092 liberat
1138 2033 1210 2094 etro
1263 2035 1264 2096 ζ

161 2136 212 2180 me
239 2115 365 2179 timore.
411 2113 489 2190 uuis
513 2114 598 2178 enim
628 2118 749 2198 potest,
781 2138 854 2180 curn
878 2115 1040 2180 existimet
1062 2117 1170 2181 curari
1263 2111 1264 2164 ἕ

162 2225 196 2268 11
220 2225 239 2266 1
262 2203 329 2286 deo,
358 2224 424 2266 non
447 2207 480 2266 et
504 2201 571 2266 dies
594 2207 627 2266 et
649 2205 764 2267 noctes
785 2203 929 2268 divinum
951 2225 1072 2269 numen
1095 2203 1169 2269 hor·
1263 2271 1264 2274 ,

160 2313 231 2356 1111
255 2293 300 2375 11,
333 2290 361 2354 11
390 2290 467 2374 quid
495 2290 621 2354 adversi
649 2291 802 2356 acciderit
832 2289 932 2376 (quod
954 2293 1006 2356 cui
1028 2314 1095 2357 non
1118 2315 1169 2358 ac·
1263 2291 1264 2328 ³

160 2377 296 2464 1111111),
327 2379 546 2457 extimescere,
569 2399 610 2442 ne
633 2379 666 2442 id
688 2380 756 2443 iure
779 2379 943 2444 evenerit?
986 2378 1056 2445 Nec
1080 2377 1168 2446 Stra·
1263 2447 1264 2452 ,

160 2467 232 2533 toni
253 2472 363 2532 tamen
387 2467 551 2532 adsentior
572 2488 630 2531 nec
653 2489 729 2532 vcro
753 2467 827 2552 tibi3
856 2468 951 2533 modo
973 2467 1050 2553 hoc,
1072 2469 1168 2534 modo
1182 2493 1206 2535 11
1263 2527 1264 2546 2

160 2556 241 2620 illud
264 2555 464 2639 probabilius
486 2554 622 2620 videtur.
1263 2561 1264 2584 ³

98 2689 128 2750 3

105 2779 159 2828 122
205 2819 211 2831 .
535 2817 541 2830 .
866 2820 872 2832 .
1076 2821 1082 2834 .
1123 2822 1130 2836 .
1263 2823 1264 2836 1

184 2818 377 2882 o1rcumfusa
417 2818 576 2902 tenebris,
616 2822 653 2880 ut
692 2819 784 2883 nulla
824 2841 909 2884 acres
950 2820 1084 2884 1111111111
1120 2844 1166 2886 111-
1263 2869 1264 2896 1

162 2907 250 2990 genii
272 2909 365 2970 tanta
388 2905 443 2989 sit,
467 2927 546 2989 quac
570 2909 738 2989 penetrare
761 2907 796 2970 in
819 2907 955 2990 caelum,
977 2912 1098 2973 terram
1121 2910 1168 2974 in-
1263 2957 1264 2984 ,

160 3000 248 3059 trare
281 2994 398 3078 possit3
435 3014 572 3076 corpora
597 2997 710 3059 nostra
735 3017 801 3059 non
827 2997 988 3079 novimus,
1018 2997 1074 3080 qui
1104 2998 1204 3064 sintae

162 3084 242 3148 situs
266 3083 420 3166 partium,
449 3103 545 3164 quam
568 3083 633 3146 vim
657 3104 801 3167 quaeque
823 3105 900 3166 pars
922 3084 1055 3163 habeat,
1077 3085 1167 3170 igno·

160 3193 279 3234 ramus.
303 3169 418 3254 ltaque
441 3170 558 3234 medici
580 3171 653 3254 ipsi,
677 3193 812 3254 quorum
828 3171 990 3237 intererat
1008 3194 1046 3237 ea
1063 3195 1167 3257 nosse,

162 3261 369 3342 aperuerunt,
397 3260 434 3320 ut
456 3257 651 3342 viderentur'3
680 3281 739 3324 nec
763 3281 800 3323 eo
823 3262 932 3325 tamen
957 3260 1047 3324 aiunt
1070 3263 1167 3344 empi-

160 3347 220 3410 rici
243 3347 372 3410 notiora
395 3366 465 3409 esse
487 3344 559 3428 illa,
592 3346 668 3429 quia
690 3347 796 3430 possit
822 3347 906 3431 fieri,
938 3352 975 3432 ut
1006 3350 1168 3431 patefacto

161 3436 194 3496 et
227 3434 353 3498 detecta
387 3436 562 3496 mutentur.
608 3430 670 3497 Sed
699 3434 811 3517 ecquid
841 3456 901 3498 nos
930 3437 1042 3501 eodem
1072 3438 1204 3505 11101101

67 3540 70 3545 ·
154 3541 267 3583 rerum
290 3525 424 3585 naturas
448 3541 628 3604 persecare,
658 3521 794 3602 aperire,
823 3521 965 3586 dividere
987 3546 1168 3611 possumus,

227 2730 346 2795 Latent
376 2730 441 2794 ista
473 2731 595 2814 omnia,
626 2729 770 2812 Luculle,
802 2731 918 2796 crassis
951 2732 1167 2798 00011111111
