2568 3948
331 219 399 274 ΜΒ.
419 219 467 274 lv.
496 218 574 274 CAP.
595 225 716 277 15-17.
745 227 901 286 §re-47.
1052 223 1117 287 219

108 379 194 456 Quid
213 381 299 444 enim
319 380 401 445 mihi
418 384 527 464 potest
542 403 612 446 esse
628 383 769 466 optatius
789 405 886 468 quam
900 405 973 448 cum
987 381 1118 468 Getone,

108 469 254 533 omnium
286 469 443 534 virtutum
478 474 622 555 auctore,
653 471 692 534 de
723 471 897 537 virtutibus
929 471 1117 555 disputare?

108 554 172 620 Sed
204 557 345 640 primum
372 556 454 622 illud
482 557 568 640 vide,
596 559 822 642 gravissimam
853 559 944 624 illam
975 564 1118 625 vestram
1136 572 1171 621 45

109 645 319 729 sententiam,
347 666 429 729 quae
456 645 615 710 familiam
638 646 739 730 ducit,
764 647 935 712 honestum
958 648 1042 732 quod
1066 649 1118 732 sit,

81 733 141 796 sid
174 753 244 797 esse
283 733 387 798 solum
423 733 546 798 bonum
581 734 780 818 honesteque
816 736 923 800 vivere
959 737 1118 801 bonorum

107 821 217 903 finem,
250 841 453 887 communem
485 821 555 886 fore
586 822 678 887 vobis
706 843 779 887 cum
807 824 970 907 omnibus,
1000 824 1054 907 qui
1083 826 1119 888 in

107 931 172 972 una
186 909 307 973 virtute
322 909 524 976 constituunt
537 910 634 974 finem
646 911 815 995 bonorum,
831 907 982 996 ¹quodque
1001 911 1119 990 dicitis,

13 1019 16 1022 ·
108 995 277 1061 informari
296 1019 362 1062 non
379 1019 475 1081 posse
499 997 665 1076 virtutem,
688 998 716 1062 si
739 1000 924 1083 quicquam,
945 1000 1010 1064 nisi
1033 1001 1117 1084 quod

108 1084 281 1150 honestum
305 1086 361 1169 sit,
383 1088 580 1169 numeretur,
608 1085 693 1150 idem
717 1085 840 1152 dicetur
863 1088 904 1152 ab
928 1087 1006 1171 illis,
1035 1110 1116 1172 quos

67 1196 94 1234 10
109 1172 204 1238 modo
228 1173 404 1239 nominavi.
440 1172 522 1238 Mihi
541 1177 648 1238 autem
673 1175 805 1257 aequius
827 1175 998 1240 videbatur
1016 1174 1118 1241 Zeno-

108 1283 182 1325 nem
206 1281 279 1325 cum
298 1261 473 1326 Polemone
496 1261 741 1346 disceptantem,
765 1285 785 1326 a
807 1285 885 1346 quo,
909 1284 990 1346 quae
1009 1268 1118 1329 essent

107 1349 269 1432 principis
303 1352 452 1433 naturae,
489 1354 671 1433 acceperet,
708 1372 727 1414 a
759 1351 982 1415 communibus
1014 1351 1117 1416 initiis

107 1437 369 1521 progredientem
392 1437 515 1520 videre,
537 1438 593 1501 ubi
616 1439 757 1522 primum
781 1439 956 1522 insisteret,
979 1442 1012 1502 et
1034 1439 1117 1503 unde

107 1546 206 1589 causa
229 1525 467 1590 controversiae
490 1529 692 1609 nasceretur,
718 1547 787 1591 non
810 1529 948 1590 stantem
972 1547 1045 1590 cum
1068 1527 1118 1609 iis,

67 1635 93 1676 15
108 1614 162 1698 qui
180 1634 222 1677 ne
241 1613 385 1677 dicerent
403 1613 533 1696 quidem
551 1635 610 1678 sue
629 1635 754 1677 summa
772 1612 858 1678 bona
876 1635 945 1678 esse
965 1618 1119 1680 enatura

107 1699 267 1784 profecta,
295 1703 345 1765 uti
366 1701 470 1765 isdem
497 1702 709 1785 argumentis,
732 1701 847 1784 quibus
870 1701 921 1765 illi
943 1705 1118 1784 uterentur,

107 1789 273 1872 isdemque
297 1789 475 1854 sententiis.

174 1876 307 1942 Minime
330 1899 406 1941 vero
429 1877 509 1941 illud
531 1877 649 1960 probo,
671 1876 770 1960 quod,
793 1897 865 1941 cum
888 1875 1058 1961 docuistis,
1081 1882 1118 1941 ut
1130 1848 1171 1972 ἒξ

106 1965 200 2030 vobis
227 1965 396 2049 videmini,
424 1964 529 2030 solum
560 1964 683 2030 bonum
715 1985 798 2048 esse,
830 1965 916 2049 quod
946 1965 1118 2030 honestum

67 2054 164 2136 rosit,
187 2055 267 2116 tum
299 2074 427 2117 rursum
460 2052 566 2116 dicitis
598 2053 693 2116 initia
719 2053 857 2136 proponi
888 2073 1017 2118 necesse
1048 2073 1118 2119 esse

108 2145 186 2224 apta
215 2144 249 2204 et
276 2141 519 2206 accommodata
546 2142 694 2223 naturae,
724 2161 861 2224 quorum
883 2161 922 2206 ex
946 2141 1118 2206 selectione

107 2230 212 2294 virtus
235 2230 342 2312 possit
363 2229 526 2293 exsistere.
562 2226 637 2292 Non
656 2229 741 2293 enim
764 2230 799 2294 in
817 2228 991 2293 selectione
1014 2229 1118 2294 virtus

107 2317 257 2400 ponende
281 2320 363 2400 erat,
386 2320 423 2380 ut
445 2317 479 2381 id
501 2317 622 2400 ipsum,
651 2317 737 2399 quod
761 2320 832 2380 eret
859 2318 1020 2381 bonorum
1043 2318 1118 2381 ulti·

107 2427 210 2488 mum,
242 2405 330 2469 aliud
362 2404 484 2488 aliquid
516 2404 704 2488 acquireret.
757 2402 845 2471 Nem
876 2405 1003 2487 omnia,
1036 2427 1118 2488 quae

68 2516 94 2556 ss
109 2493 265 2558 sumenda
294 2515 438 2576 quaeque
469 2492 604 2576 legenda
635 2494 691 2555 eut
718 2492 861 2575 optanda
893 2497 980 2575 sunt,
1012 2492 1118 2556 inesse

108 2581 228 2646 debent
254 2581 289 2645 in
317 2602 444 2644 summa
470 2581 642 2663 bonorum,
669 2582 706 2644 ut
732 2580 775 2662 is,
802 2579 859 2662 qui
882 2601 952 2643 cam
982 2579 1118 2662 adeptus

109 2669 166 2750 sit,
197 2668 281 2732 nihil
311 2672 480 2753 praeterea
512 2667 681 2732 desideret.
733 2666 888 2751 Videsne,
920 2670 969 2750 ut,
1001 2668 1117 2751 quibus

109 2778 236 2822 summa
268 2759 318 2821 est
348 2756 382 2820 in
413 2757 596 2839 voluptate,
631 2755 835 2840 perspicuum
872 2755 928 2839 sit,
965 2756 1041 2839 quid
1078 2756 1118 2820 iis

107 2843 292 2909 faciendum
320 2845 365 2908 sit
392 2847 449 2908 aut
474 2865 541 2909 non
566 2843 772 2908 faciendum?
798 2847 837 2907 ut
862 2865 957 2908 nemo
985 2843 1118 2926 dubitet,

68 2951 94 2993 co
109 2954 221 2997 eorum
249 2932 358 2996 omnia
386 2931 495 2997 officia
526 2953 588 3014 quo
618 2935 777 3016 spectare,
805 2931 882 3016 quid
910 2932 1014 3015 sequi,
1042 2932 1118 3014 quid

107 3020 221 3104 fugere
252 3019 414 3084 debeant?
473 3017 522 3083 Sit
553 3019 615 3085 hoc
646 3019 796 3084 ultimum
827 3020 1000 3102 bonorum,
1033 3020 1118 3102 quod

107 3131 194 3172 nune
231 3129 250 3171 a
285 3129 337 3171 me
372 3106 569 3192 defenditur,
607 3111 742 3190 apparet
774 3109 900 3191 statim,
935 3129 1016 3191 quae
1052 3107 1119 3171 sint

108 3196 231 3280 officia,
254 3217 335 3279 quae
359 3196 511 3260 actiones.
550 3193 653 3259 Vobis
677 3200 800 3280 autem,
824 3196 940 3279 quibus
962 3195 1046 3259 nihil
1069 3199 1118 3260 est

109 3284 198 3348 aliud
225 3283 436 3366 propositum
456 3283 519 3347 nisi
546 3286 671 3348 rectum
699 3287 793 3366 etque
820 3283 1006 3364 honestum,
1033 3283 1117 3346 unde

68 3393 94 3434 ss
109 3371 219 3454 officii,
236 3371 320 3436 unde
334 3371 451 3456 agendi
469 3371 664 3455 principium
678 3374 840 3454 nascatur,
858 3393 922 3436 non
941 3370 1117 3454 reperietis.

108 3457 180 3524 Hoc
203 3459 305 3543 igitur
327 3461 519 3543 quaerentes
542 3481 668 3542 omnes,
690 3462 723 3524 et
744 3460 782 3542 ii,
805 3459 873 3543 qui,
896 3458 1117 3542 quodcumque
1136 3469 1170 3518 47

8 3595 9 3600 η
108 3549 143 3612 in
167 3551 310 3612 mentem
325 3548 448 3631 veniet,
472 3550 528 3610 aut
550 3547 772 3632 quodcumque
790 3549 949 3630 occurrat,
972 3547 1118 3630 sesequi
