<?xml version="1.0" encoding="UTF-8"?>
<!DOCTYPE html PUBLIC "-//W3C//DTD XHTML 1.0 Transitional//EN"
    "http://www.w3.org/TR/xhtml1/DTD/xhtml1-transitional.dtd">
<html xmlns="http://www.w3.org/1999/xhtml" xml:lang="en" lang="en">
 <head>
  <title>
</title>
<meta http-equiv="Content-Type" content="text/html;charset=utf-8" />
  <meta name='ocr-system' content='tesseract 3.04.00' />
  <meta name='ocr-capabilities' content='ocr_page ocr_carea ocr_par ocr_line ocrx_word'/>
</head>
<body>
  <div class='ocr_page' id='page_1' title='image "./scriptaquaemans00unkngoog_0195.png"; bbox 0 0 2586 3950; ppageno 0'>
   <div class='ocr_carea' id='block_1_1' title="bbox 160 186 997 252">
    <p class='ocr_par' dir='ltr' id='par_1_1' title="bbox 160 186 997 252">
     <span class='ocr_line' id='line_1_1' title="bbox 160 186 997 252; baseline -0.013 0"><span class='ocrx_word' id='word_1_1' title='bbox 160 189 224 252; x_wconf 85' lang='grc'>142</span> <span class='ocrx_word' id='word_1_2' title='bbox 322 190 370 246; x_wconf 83' lang='lat' dir='ltr'>DE</span> <span class='ocrx_word' id='word_1_3' title='bbox 389 187 534 244; x_wconf 77' lang='lat' dir='ltr'><strong>FINIBUS</strong></span> <span class='ocrx_word' id='word_1_4' title='bbox 553 187 732 244; x_wconf 83' lang='lat' dir='ltr'><strong>BONORUM</strong></span> <span class='ocrx_word' id='word_1_5' title='bbox 749 186 797 242; x_wconf 88' lang='grc' dir='ltr'>ΕΤ</span> <span class='ocrx_word' id='word_1_6' title='bbox 816 187 997 242; x_wconf 83' lang='lat' dir='ltr'><strong>MALORUM</strong></span> 
     </span>
    </p>
   </div>
   <div class='ocr_carea' id='block_1_2' title="bbox 48 349 1284 3486">
    <p class='ocr_par' dir='ltr' id='par_1_2' title="bbox 48 349 1284 3486">
     <span class='ocr_line' id='line_1_2' title="bbox 158 349 1166 434; baseline -0.003 -19"><span class='ocrx_word' id='word_1_7' title='bbox 158 375 178 416; x_wconf 89' lang='lat' dir='ltr'>a</span> <span class='ocrx_word' id='word_1_8' title='bbox 204 350 329 433; x_wconf 90' lang='lat' dir='ltr'>multis,</span> <span class='ocrx_word' id='word_1_9' title='bbox 357 349 413 415; x_wconf 86' lang='lat' dir='ltr'>ssd</span> <span class='ocrx_word' id='word_1_10' title='bbox 439 350 516 434; x_wconf 91' lang='lat' dir='ltr'>quia</span> <span class='ocrx_word' id='word_1_11' title='bbox 542 349 609 413; x_wconf 87' lang='lat' dir='ltr'>tale</span> <span class='ocrx_word' id='word_1_12' title='bbox 637 349 694 431; x_wconf 88' lang='lat' dir='ltr'>sit,</span> <span class='ocrx_word' id='word_1_13' title='bbox 721 352 770 431; x_wconf 88' lang='lat' dir='ltr'>ut,</span> <span class='ocrx_word' id='word_1_14' title='bbox 800 349 851 414; x_wconf 86' lang='lat' dir='ltr'>vel</span> <span class='ocrx_word' id='word_1_15' title='bbox 874 349 902 414; x_wconf 94' lang='lat' dir='ltr'>si</span> <span class='ocrx_word' id='word_1_16' title='bbox 925 349 1111 434; x_wconf 74' lang='lat' dir='ltr'>ignorarent</span> <span class='ocrx_word' id='word_1_17' title='bbox 1132 349 1166 412; x_wconf 91' lang='lat' dir='ltr'>id</span> 
     </span>
     <span class='ocr_line' id='line_1_3' title="bbox 157 437 1166 521; baseline -0.002 -19"><span class='ocrx_word' id='word_1_18' title='bbox 157 439 320 521; x_wconf 91' lang='lat' dir='ltr'>homines,</span> <span class='ocrx_word' id='word_1_19' title='bbox 347 439 398 502; x_wconf 88' lang='lat' dir='ltr'>vel</span> <span class='ocrx_word' id='word_1_20' title='bbox 425 439 453 502; x_wconf 91' lang='lat' dir='ltr'>si</span> <span class='ocrx_word' id='word_1_21' title='bbox 481 437 732 520; x_wconf 73' lang='lat' dir='ltr'><strong>obmutuissent,</strong></span> <span class='ocrx_word' id='word_1_22' title='bbox 763 459 823 501; x_wconf 90' lang='lat' dir='ltr'>sua</span> <span class='ocrx_word' id='word_1_23' title='bbox 850 439 961 502; x_wconf 90' lang='lat' dir='ltr'>tamen</span> <span class='ocrx_word' id='word_1_24' title='bbox 987 437 1166 520; x_wconf 83' lang='lat' dir='ltr'>pulchritu-</span> 
     </span>
     <span class='ocr_line' id='line_1_4' title="bbox 159 523 1166 610; baseline -0.004 -18"><span class='ocrx_word' id='word_1_25' title='bbox 159 526 233 592; x_wconf 82' lang='lat' dir='ltr'>dine</span> <span class='ocrx_word' id='word_1_26' title='bbox 261 529 347 590; x_wconf 87' lang='lat' dir='ltr'>eeset</span> <span class='ocrx_word' id='word_1_27' title='bbox 372 526 540 610; x_wconf 65' lang='lat' dir='ltr'>specieque</span> <span class='ocrx_word' id='word_1_28' title='bbox 566 524 738 590; x_wconf 74' lang='lat' dir='ltr'>laudabile.</span> <span class='ocrx_word' id='word_1_29' title='bbox 787 523 901 608; x_wconf 88' lang='lat' dir='ltr'>Itaque</span> <span class='ocrx_word' id='word_1_30' title='bbox 932 525 1019 589; x_wconf 90' lang='lat' dir='ltr'>idem</span> <span class='ocrx_word' id='word_1_31' title='bbox 1048 529 1166 588; x_wconf 89' lang='lat' dir='ltr'>natura</span> 
     </span>
     <span class='ocr_line' id='line_1_5' title="bbox 159 611 1166 697; baseline -0.003 -19"><span class='ocrx_word' id='word_1_32' title='bbox 159 615 276 697; x_wconf 85' lang='lat' dir='ltr'>vietus,</span> <span class='ocrx_word' id='word_1_33' title='bbox 299 613 351 678; x_wconf 85' lang='lat' dir='ltr'>eui</span> <span class='ocrx_word' id='word_1_34' title='bbox 374 613 489 678; x_wconf 77' lang='lat' dir='ltr'><strong>obsisti</strong></span> <span class='ocrx_word' id='word_1_35' title='bbox 507 634 574 678; x_wconf 91' lang='lat' dir='ltr'>non</span> <span class='ocrx_word' id='word_1_36' title='bbox 592 615 715 696; x_wconf 89' lang='lat' dir='ltr'>potest,</span> <span class='ocrx_word' id='word_1_37' title='bbox 738 612 817 677; x_wconf 86' lang='lat' dir='ltr'>dicit</span> <span class='ocrx_word' id='word_1_38' title='bbox 835 611 899 677; x_wconf 90' lang='lat' dir='ltr'>alio</span> <span class='ocrx_word' id='word_1_39' title='bbox 918 612 989 677; x_wconf 87' lang='lat' dir='ltr'>loeo</span> <span class='ocrx_word' id='word_1_40' title='bbox 1010 612 1043 676; x_wconf 89' lang='lat' dir='ltr'>id</span> <span class='ocrx_word' id='word_1_41' title='bbox 1047 612 1166 696; x_wconf 91' lang='lat' dir='ltr'>,quod</span> 
     </span>
     <span class='ocr_line' id='line_1_6' title="bbox 159 699 1195 785; baseline 0.001 -20"><span class='ocrx_word' id='word_1_42' title='bbox 159 706 233 766; x_wconf 90' lang='lat' dir='ltr'>ate</span> <span class='ocrx_word' id='word_1_43' title='bbox 257 702 355 766; x_wconf 88' lang='lat' dir='ltr'>etiam</span> <span class='ocrx_word' id='word_1_44' title='bbox 378 701 474 784; x_wconf 91' lang='lat' dir='ltr'>paulo</span> <span class='ocrx_word' id='word_1_45' title='bbox 498 704 573 765; x_wconf 87' lang='lat' dir='ltr'>ante</span> <span class='ocrx_word' id='word_1_46' title='bbox 596 699 718 764; x_wconf 86' lang='lat' dir='ltr'>dietum</span> <span class='ocrx_word' id='word_1_47' title='bbox 741 703 802 783; x_wconf 88' lang='lat' dir='ltr'>est,</span> <span class='ocrx_word' id='word_1_48' title='bbox 824 722 890 765; x_wconf 90' lang='grc' dir='ltr'>ιιοιι</span> <span class='ocrx_word' id='word_1_49' title='bbox 910 721 1006 785; x_wconf 90' lang='lat' dir='ltr'>posse</span> <span class='ocrx_word' id='word_1_50' title='bbox 1027 699 1195 766; x_wconf 73' lang='lat' dir='ltr'>iucundas</span> 
     </span>
     <span class='ocr_line' id='line_1_7' title="bbox 106 786 1166 862; baseline -0.004 -7.935"><span class='ocrx_word' id='word_1_51' title='bbox 106 790 226 860; x_wconf 75' lang='lat' dir='ltr'>novini</span> <span class='ocrx_word' id='word_1_52' title='bbox 246 789 311 856; x_wconf 89' lang='lat' dir='ltr'>nisi</span> <span class='ocrx_word' id='word_1_53' title='bbox 333 790 432 853; x_wconf 87' lang='lat' dir='ltr'>etiam</span> <span class='ocrx_word' id='word_1_54' title='bbox 454 787 598 854; x_wconf 88' lang='lat' dir='ltr'>honeste.</span> <span class='ocrx_word' id='word_1_55' title='bbox 634 786 718 862; x_wconf 80' lang='lat' dir='ltr'>Quid</span> <span class='ocrx_word' id='word_1_56' title='bbox 739 809 825 852; x_wconf 86' lang='lat' dir='ltr'>nune</span> <span class='ocrx_word' id='word_1_57' title='bbox 848 787 1041 854; x_wconf 85' lang='lat' dir='ltr'>honeste&#39;</span> <span class='ocrx_word' id='word_1_58' title='bbox 1066 787 1166 852; x_wconf 82' lang='lat' dir='ltr'>dicit?</span> 
     </span>
     <span class='ocr_line' id='line_1_8' title="bbox 158 874 1166 962; baseline 0 -22"><span class='ocrx_word' id='word_1_59' title='bbox 158 877 298 960; x_wconf 88' lang='lat' dir='ltr'>idemne,</span> <span class='ocrx_word' id='word_1_60' title='bbox 321 876 406 962; x_wconf 89' lang='lat' dir='ltr'>quod</span> <span class='ocrx_word' id='word_1_61' title='bbox 426 874 609 940; x_wconf 79' lang='lat' dir='ltr'>iucunde?</span> <span class='ocrx_word' id='word_1_62' title='bbox 647 875 736 960; x_wconf 85' lang='lat' dir='ltr'>Ergo</span> <span class='ocrx_word' id='word_1_63' title='bbox 754 875 816 940; x_wconf 90' lang='lat' dir='ltr'>ita:</span> <span class='ocrx_word' id='word_1_64' title='bbox 834 897 899 940; x_wconf 92' lang='grc' dir='ltr'>ιιοιι</span> <span class='ocrx_word' id='word_1_65' title='bbox 918 897 1013 960; x_wconf 87' lang='lat' dir='ltr'>posse</span> <span class='ocrx_word' id='word_1_66' title='bbox 1031 875 1166 940; x_wconf 75' lang='lat' dir='ltr'>honeste</span> 
     </span>
     <span class='ocr_line' id='line_1_9' title="bbox 158 962 1166 1048; baseline 0 -20"><span class='ocrx_word' id='word_1_67' title='bbox 158 965 237 1048; x_wconf 88' lang='lat' dir='ltr'>vivi,</span> <span class='ocrx_word' id='word_1_68' title='bbox 259 964 325 1030; x_wconf 91' lang='lat' dir='ltr'>nisi</span> <span class='ocrx_word' id='word_1_69' title='bbox 351 964 485 1029; x_wconf 89' lang='lat' dir='ltr'>honeste</span> <span class='ocrx_word' id='word_1_70' title='bbox 512 962 662 1028; x_wconf 79' lang='lat' dir='ltr'>vivatur?</span> <span class='ocrx_word' id='word_1_71' title='bbox 707 963 761 1026; x_wconf 84' lang='lat' dir='ltr'>An</span> <span class='ocrx_word' id='word_1_72' title='bbox 788 963 852 1028; x_wconf 90' lang='lat' dir='ltr'>nisi</span> <span class='ocrx_word' id='word_1_73' title='bbox 880 963 1030 1047; x_wconf 89' lang='lat' dir='ltr'>populari</span> <span class='ocrx_word' id='word_1_74' title='bbox 1056 963 1166 1028; x_wconf 82' lang='lat' dir='ltr'>fama?</span> 
     </span>
     <span class='ocr_line' id='line_1_10' title="bbox 159 1050 1166 1152; baseline -0.001 -36"><span class='ocrx_word' id='word_1_75' title='bbox 159 1051 234 1116; x_wconf 78' lang='lat' dir='ltr'>Sine</span> <span class='ocrx_word' id='word_1_76' title='bbox 262 1073 300 1116; x_wconf 91' lang='lat' dir='ltr'>ea</span> <span class='ocrx_word' id='word_1_77' title='bbox 326 1051 428 1137; x_wconf 82' lang='lat' dir='ltr'>igitur</span> <span class='ocrx_word' id='word_1_78' title='bbox 454 1051 591 1116; x_wconf 81' lang='lat' dir='ltr'>iucunde</span> <span class='ocrx_word' id='word_1_79' title='bbox 613 1055 713 1136; x_wconf 85' lang='lat' dir='ltr'>negat</span> <span class='ocrx_word' id='word_1_80' title='bbox 733 1071 883 1152; x_wconf 73' lang='lat' dir='ltr'>possess</span> <span class='ocrx_word' id='word_1_81' title='bbox 908 1050 1037 1116; x_wconf 79' lang='lat' dir='ltr'>vivere?</span> <span class='ocrx_word' id='word_1_82' title='bbox 1082 1050 1166 1127; x_wconf 81' lang='lat' dir='ltr'>Quid</span> 
     </span>
     <span class='ocr_line' id='line_1_11' title="bbox 158 1138 1213 1224; baseline 0.003 -21"><span class='ocrx_word' id='word_1_83' title='bbox 158 1139 286 1222; x_wconf 83' lang='lat' dir='ltr'>turpius</span> <span class='ocrx_word' id='word_1_84' title='bbox 309 1161 407 1224; x_wconf 89' lang='lat' dir='ltr'>quam</span> <span class='ocrx_word' id='word_1_85' title='bbox 429 1139 583 1224; x_wconf 89' lang='lat' dir='ltr'>sapientis</span> <span class='ocrx_word' id='word_1_86' title='bbox 601 1138 702 1202; x_wconf 87' lang='lat' dir='ltr'>vitam</span> <span class='ocrx_word' id='word_1_87' title='bbox 721 1160 760 1203; x_wconf 86' lang='lat' dir='ltr'>ex</span> <span class='ocrx_word' id='word_1_88' title='bbox 778 1138 1000 1222; x_wconf 85' lang='lat' dir='ltr'>insipientium</span> <span class='ocrx_word' id='word_1_89' title='bbox 1018 1160 1213 1206; x_wconf 83' lang='lat' dir='ltr'>sermonem</span> 
     </span>
     <span class='ocr_line' id='line_1_12' title="bbox 158 1225 1165 1312; baseline -0.001 -21"><span class='ocrx_word' id='word_1_90' title='bbox 158 1227 317 1311; x_wconf 84' lang='lat' dir='ltr'>pendere?</span> <span class='ocrx_word' id='word_1_91' title='bbox 371 1226 455 1303; x_wconf 84' lang='lat' dir='ltr'>Quid</span> <span class='ocrx_word' id='word_1_92' title='bbox 482 1247 560 1312; x_wconf 85' lang='lat' dir='ltr'>ergo</span> <span class='ocrx_word' id='word_1_93' title='bbox 590 1226 652 1290; x_wconf 86' lang='lat' dir='ltr'>hoo</span> <span class='ocrx_word' id='word_1_94' title='bbox 678 1227 750 1292; x_wconf 84' lang='lat' dir='ltr'>loeo</span> <span class='ocrx_word' id='word_1_95' title='bbox 780 1227 941 1311; x_wconf 71' lang='lat' dir='ltr'>intellegit</span> <span class='ocrx_word' id='word_1_96' title='bbox 926 1225 1165 1292; x_wconf 76' lang='lat' dir='ltr'>thonestum‘?</span> 
     </span>
     <span class='ocr_line' id='line_1_13' title="bbox 159 1311 1165 1400; baseline -0.002 -20"><span class='ocrx_word' id='word_1_97' title='bbox 159 1313 253 1380; x_wconf 83' lang='lat' dir='ltr'>Certe</span> <span class='ocrx_word' id='word_1_98' title='bbox 280 1314 377 1396; x_wconf 86' lang='lat' dir='ltr'>nihil,</span> <span class='ocrx_word' id='word_1_99' title='bbox 404 1315 468 1380; x_wconf 91' lang='lat' dir='ltr'>nisi</span> <span class='ocrx_word' id='word_1_100' title='bbox 496 1314 581 1400; x_wconf 82' lang='lat' dir='ltr'>quod</span> <span class='ocrx_word' id='word_1_101' title='bbox 607 1311 753 1399; x_wconf 89' lang='lat' dir='ltr'>possit</span> <span class='ocrx_word' id='word_1_102' title='bbox 743 1335 849 1398; x_wconf 78' lang='lat' dir='ltr'>ipsum</span> <span class='ocrx_word' id='word_1_103' title='bbox 875 1317 1008 1399; x_wconf 90' lang='lat' dir='ltr'>propter</span> <span class='ocrx_word' id='word_1_104' title='bbox 1034 1335 1068 1379; x_wconf 88' lang='lat' dir='ltr'>se</span> <span class='ocrx_word' id='word_1_105' title='bbox 1095 1315 1165 1379; x_wconf 89' lang='lat' dir='ltr'>iura</span> 
     </span>
     <span class='ocr_line' id='line_1_14' title="bbox 157 1364 1166 1503; baseline 0.001 -36"><span class='ocrx_word' id='word_1_106' title='bbox 157 1402 291 1467; x_wconf 89' lang='lat' dir='ltr'>laudari.</span> <span class='ocrx_word' id='word_1_107' title='bbox 341 1364 427 1468; x_wconf 70' lang='lat' dir='ltr'>me</span> <span class='ocrx_word' id='word_1_108' title='bbox 454 1403 483 1468; x_wconf 91' lang='lat' dir='ltr'>si</span> <span class='ocrx_word' id='word_1_109' title='bbox 509 1405 643 1487; x_wconf 88' lang='lat' dir='ltr'>propter</span> <span class='ocrx_word' id='word_1_110' title='bbox 669 1403 883 1485; x_wconf 88' lang='lat' dir='ltr'>voluptatem,</span> <span class='ocrx_word' id='word_1_111' title='bbox 914 1423 998 1503; x_wconf 87' lang='lat' dir='ltr'>quae</span> <span class='ocrx_word' id='word_1_112' title='bbox 1023 1405 1073 1466; x_wconf 91' lang='lat' dir='ltr'>est</span> <span class='ocrx_word' id='word_1_113' title='bbox 1101 1403 1166 1468; x_wconf 84' lang='lat' dir='ltr'>ista</span> 
     </span>
     <span class='ocr_line' id='line_1_15' title="bbox 128 1452 1166 1574; baseline 0 -20"><span class='ocrx_word' id='word_1_114' title='bbox 128 1563 130 1566; x_wconf 18' lang='lat'>¹</span> <span class='ocrx_word' id='word_1_115' title='bbox 157 1492 243 1574; x_wconf 89' lang='lat' dir='ltr'>laus,</span> <span class='ocrx_word' id='word_1_116' title='bbox 266 1511 347 1574; x_wconf 89' lang='lat' dir='ltr'>quae</span> <span class='ocrx_word' id='word_1_117' title='bbox 369 1491 475 1573; x_wconf 89' lang='lat' dir='ltr'>possit</span> <span class='ocrx_word' id='word_1_118' title='bbox 497 1512 514 1554; x_wconf 90' lang='lat' dir='ltr'>e</span> <span class='ocrx_word' id='word_1_119' title='bbox 538 1490 673 1555; x_wconf 79' lang='lat' dir='ltr'>macello</span> <span class='ocrx_word' id='word_1_120' title='bbox 696 1489 787 1573; x_wconf 83' lang='lat' dir='ltr'>peti?</span> <span class='ocrx_word' id='word_1_121' title='bbox 822 1452 930 1556; x_wconf 78' lang='lat' dir='ltr'>No&#39;n</span> <span class='ocrx_word' id='word_1_122' title='bbox 921 1512 949 1554; x_wconf 89' lang='lat' dir='ltr'>rs</span> <span class='ocrx_word' id='word_1_123' title='bbox 967 1489 1019 1554; x_wconf 87' lang='lat' dir='ltr'>vir</span> <span class='ocrx_word' id='word_1_124' title='bbox 1041 1492 1099 1574; x_wconf 85' lang='lat' dir='ltr'>ast,</span> <span class='ocrx_word' id='word_1_125' title='bbox 1120 1495 1166 1574; x_wconf 83' lang='lat' dir='ltr'>ut,</span> 
     </span>
     <span class='ocr_line' id='line_1_16' title="bbox 158 1578 1210 1662; baseline 0.002 -20"><span class='ocrx_word' id='word_1_126' title='bbox 158 1601 231 1642; x_wconf 88' lang='lat' dir='ltr'>oum</span> <span class='ocrx_word' id='word_1_127' title='bbox 258 1578 462 1644; x_wconf 73' lang='lat' dir='ltr'>honestatem</span> <span class='ocrx_word' id='word_1_128' title='bbox 489 1599 527 1643; x_wconf 93' lang='lat' dir='ltr'>eo</span> <span class='ocrx_word' id='word_1_129' title='bbox 555 1578 626 1643; x_wconf 84' lang='lat' dir='ltr'>loco</span> <span class='ocrx_word' id='word_1_130' title='bbox 653 1578 785 1662; x_wconf 86' lang='lat' dir='ltr'>habeat,</span> <span class='ocrx_word' id='word_1_131' title='bbox 812 1580 849 1641; x_wconf 88' lang='grc' dir='ltr'>ιιι</span> <span class='ocrx_word' id='word_1_132' title='bbox 871 1578 940 1642; x_wconf 90' lang='lat' dir='ltr'>sine</span> <span class='ocrx_word' id='word_1_133' title='bbox 963 1599 1001 1642; x_wconf 90' lang='lat' dir='ltr'>ea</span> <span class='ocrx_word' id='word_1_134' title='bbox 1029 1578 1165 1643; x_wconf 82' lang='lat' dir='ltr'>iucunde</span> <span class='ocrx_word' id='word_1_135' title='bbox 1181 1604 1210 1645; x_wconf 76' lang='grc' dir='ltr'>ιι</span> 
     </span>
     <span class='ocr_line' id='line_1_17' title="bbox 158 1665 1166 1767; baseline -0.001 -36"><span class='ocrx_word' id='word_1_136' title='bbox 158 1669 255 1751; x_wconf 83' lang='lat' dir='ltr'>neget</span> <span class='ocrx_word' id='word_1_137' title='bbox 281 1666 477 1749; x_wconf 77' lang='lat' dir='ltr'>possevini,</span> <span class='ocrx_word' id='word_1_138' title='bbox 503 1665 584 1730; x_wconf 94' lang='lat' dir='ltr'>illud</span> <span class='ocrx_word' id='word_1_139' title='bbox 612 1665 729 1730; x_wconf 88' lang='lat' dir='ltr'>honest</span> <span class='ocrx_word' id='word_1_140' title='bbox 714 1668 798 1749; x_wconf 90' lang='lat' dir='ltr'>tum,</span> <span class='ocrx_word' id='word_1_141' title='bbox 810 1666 912 1767; x_wconf 89' lang='lat' dir='ltr'>quod</span> <span class='ocrx_word' id='word_1_142' title='bbox 935 1667 1090 1750; x_wconf 89' lang='lat' dir='ltr'>populare</span> <span class='ocrx_word' id='word_1_143' title='bbox 1113 1667 1166 1749; x_wconf 89' lang='lat' dir='ltr'>sit,</span> 
     </span>
     <span class='ocr_line' id='line_1_18' title="bbox 160 1753 1166 1838; baseline -0.004 -16"><span class='ocrx_word' id='word_1_144' title='bbox 160 1755 280 1822; x_wconf 86' lang='lat' dir='ltr'>sentiat</span> <span class='ocrx_word' id='word_1_145' title='bbox 302 1757 335 1818; x_wconf 89' lang='lat' dir='ltr'>et</span> <span class='ocrx_word' id='word_1_146' title='bbox 357 1755 427 1818; x_wconf 90' lang='lat' dir='ltr'>sine</span> <span class='ocrx_word' id='word_1_147' title='bbox 450 1775 488 1818; x_wconf 89' lang='lat' dir='ltr'>eo</span> <span class='ocrx_word' id='word_1_148' title='bbox 513 1756 609 1837; x_wconf 79' lang='lat' dir='ltr'>neget</span> <span class='ocrx_word' id='word_1_149' title='bbox 630 1753 817 1818; x_wconf 81' lang='lat' dir='ltr'>iucunde</span> <span class='ocrx_word' id='word_1_150' title='bbox 786 1753 852 1816; x_wconf 91' lang='grc' dir='ltr'>ιιιι</span> <span class='ocrx_word' id='word_1_151' title='bbox 870 1775 978 1837; x_wconf 89' lang='lat' dir='ltr'>posse,</span> <span class='ocrx_word' id='word_1_152' title='bbox 1002 1757 1060 1818; x_wconf 83' lang='lat' dir='ltr'>aut</span> <span class='ocrx_word' id='word_1_153' title='bbox 1081 1755 1166 1838; x_wconf 88' lang='lat' dir='ltr'>quie·</span> 
     </span>
     <span class='ocr_line' id='line_1_19' title="bbox 159 1840 1284 1942; baseline -0.002 -36"><span class='ocrx_word' id='word_1_154' title='bbox 159 1865 257 1942; x_wconf 86' lang='lat' dir='ltr'>quam</span> <span class='ocrx_word' id='word_1_155' title='bbox 281 1841 367 1906; x_wconf 89' lang='lat' dir='ltr'>aliud</span> <span class='ocrx_word' id='word_1_156' title='bbox 389 1841 506 1906; x_wconf 88' lang='lat' dir='ltr'>honest</span> <span class='ocrx_word' id='word_1_157' title='bbox 491 1844 560 1905; x_wconf 90' lang='lat' dir='ltr'>tum</span> <span class='ocrx_word' id='word_1_158' title='bbox 583 1841 766 1925; x_wconf 83' lang='lat' dir='ltr'>intellegat,</span> <span class='ocrx_word' id='word_1_159' title='bbox 789 1840 854 1905; x_wconf 87' lang='lat' dir='ltr'>nisi</span> <span class='ocrx_word' id='word_1_160' title='bbox 876 1841 961 1925; x_wconf 90' lang='lat' dir='ltr'>quod</span> <span class='ocrx_word' id='word_1_161' title='bbox 981 1841 1024 1905; x_wconf 88' lang='lat' dir='ltr'>sit</span> <span class='ocrx_word' id='word_1_162' title='bbox 1041 1846 1110 1906; x_wconf 85' lang='lat' dir='ltr'>rent</span> <span class='ocrx_word' id='word_1_163' title='bbox 1112 1864 1166 1905; x_wconf 89' lang='lat' dir='ltr'>um</span> <span class='ocrx_word' id='word_1_164' title='bbox 1281 1873 1284 1916; x_wconf 67' lang='grc' dir='ltr'>ι</span> 
     </span>
     <span class='ocr_line' id='line_1_20' title="bbox 158 1927 1166 2014; baseline 0.001 -22"><span class='ocrx_word' id='word_1_165' title='bbox 158 1932 328 2014; x_wconf 89' lang='lat' dir='ltr'>ipsumque</span> <span class='ocrx_word' id='word_1_166' title='bbox 358 1950 417 2011; x_wconf 92' lang='lat' dir='ltr'>per</span> <span class='ocrx_word' id='word_1_167' title='bbox 448 1950 496 2012; x_wconf 89' lang='lat' dir='ltr'>se,</span> <span class='ocrx_word' id='word_1_168' title='bbox 528 1949 587 1992; x_wconf 86' lang='lat' dir='ltr'>sua</span> <span class='ocrx_word' id='word_1_169' title='bbox 617 1927 666 2012; x_wconf 88' lang='grc' dir='ltr'>ιι,</span> <span class='ocrx_word' id='word_1_170' title='bbox 697 1949 756 1992; x_wconf 91' lang='lat' dir='ltr'>sua</span> <span class='ocrx_word' id='word_1_171' title='bbox 791 1933 919 2012; x_wconf 90' lang='lat' dir='ltr'>sponte,</span> <span class='ocrx_word' id='word_1_172' title='bbox 956 1949 1014 1993; x_wconf 93' lang='lat' dir='ltr'>sua</span> <span class='ocrx_word' id='word_1_173' title='bbox 1048 1932 1166 1994; x_wconf 86' lang='lat' dir='ltr'>natura</span> 
     </span>
     <span class='ocr_line' id='line_1_21' title="bbox 159 2017 1207 2083; baseline 0.003 -3"><span class='ocrx_word' id='word_1_174' title='bbox 159 2017 330 2082; x_wconf 80' lang='lat' dir='ltr'>laudabile</span> <span class='ocrx_word' id='word_1_175' title='bbox 1179 2043 1207 2083; x_wconf 75' lang='lat' dir='ltr'>no</span> 
     </span>
     <span class='ocr_line' id='line_1_22' title="bbox 106 2078 1166 2202; baseline 0.002 -35"><span class='ocrx_word' id='word_1_176' title='bbox 106 2078 148 2202; x_wconf 46' lang='grc' dir='ltr'>ἐξ</span> <span class='ocrx_word' id='word_1_177' title='bbox 224 2104 351 2187; x_wconf 89' lang='lat' dir='ltr'>Itaque,</span> <span class='ocrx_word' id='word_1_178' title='bbox 377 2103 551 2188; x_wconf 81' lang='lat' dir='ltr'>Torquate,</span> <span class='ocrx_word' id='word_1_179' title='bbox 580 2124 652 2167; x_wconf 86' lang='lat' dir='ltr'>enm</span> <span class='ocrx_word' id='word_1_180' title='bbox 680 2103 799 2168; x_wconf 70' lang='lat' dir='ltr'>diesim</span> <span class='ocrx_word' id='word_1_181' title='bbox 827 2104 965 2168; x_wconf 79' lang='lat' dir='ltr'>clamare</span> <span class='ocrx_word' id='word_1_182' title='bbox 989 2104 1166 2188; x_wconf 79' lang='lat' dir='ltr'>Epiourum</span> 
     </span>
     <span class='ocr_line' id='line_1_23' title="bbox 158 2191 1283 2292; baseline -0.002 -36"><span class='ocrx_word' id='word_1_183' title='bbox 158 2215 223 2257; x_wconf 92' lang='lat' dir='ltr'>non</span> <span class='ocrx_word' id='word_1_184' title='bbox 250 2213 346 2276; x_wconf 89' lang='lat' dir='ltr'>posse</span> <span class='ocrx_word' id='word_1_185' title='bbox 373 2191 509 2256; x_wconf 82' lang='lat' dir='ltr'>iucunde</span> <span class='ocrx_word' id='word_1_186' title='bbox 520 2191 616 2292; x_wconf 86' lang='lat' dir='ltr'>vivi,</span> <span class='ocrx_word' id='word_1_187' title='bbox 642 2192 706 2255; x_wconf 88' lang='lat' dir='ltr'>nisi</span> <span class='ocrx_word' id='word_1_188' title='bbox 735 2192 869 2256; x_wconf 89' lang='lat' dir='ltr'>honeste</span> <span class='ocrx_word' id='word_1_189' title='bbox 836 2195 925 2256; x_wconf 89' lang='lat' dir='ltr'>tet</span> <span class='ocrx_word' id='word_1_190' title='bbox 947 2193 1110 2276; x_wconf 87' lang='lat' dir='ltr'>sapienter</span> <span class='ocrx_word' id='word_1_191' title='bbox 1132 2197 1167 2258; x_wconf 88' lang='lat' dir='ltr'>et</span> <span class='ocrx_word' id='word_1_192' title='bbox 1278 2248 1283 2259; x_wconf 73' lang='grc'>,,</span> 
     </span>
     <span class='ocr_line' id='line_1_24' title="bbox 158 2267 1283 2364; baseline 0 -20"><span class='ocrx_word' id='word_1_193' title='bbox 158 2281 241 2345; x_wconf 88' lang='lat' dir='ltr'>iuste</span> <span class='ocrx_word' id='word_1_194' title='bbox 264 2279 438 2361; x_wconf 89' lang='lat' dir='ltr'>viveretur,</span> <span class='ocrx_word' id='word_1_195' title='bbox 460 2282 497 2342; x_wconf 91' lang='lat' dir='ltr'>tu</span> <span class='ocrx_word' id='word_1_196' title='bbox 519 2267 587 2362; x_wconf 89' lang='lat' dir='ltr'>ipse</span> <span class='ocrx_word' id='word_1_197' title='bbox 611 2279 692 2343; x_wconf 92' lang='lat' dir='ltr'>mihi</span> <span class='ocrx_word' id='word_1_198' title='bbox 714 2280 847 2364; x_wconf 83' lang='lat' dir='ltr'>gloriari</span> <span class='ocrx_word' id='word_1_199' title='bbox 867 2279 1024 2344; x_wconf 83' lang='lat' dir='ltr'>videbare.</span> <span class='ocrx_word' id='word_1_200' title='bbox 1060 2280 1166 2346; x_wconf 87' lang='lat' dir='ltr'>Tanta</span> <span class='ocrx_word' id='word_1_201' title='bbox 1282 2283 1283 2300; x_wconf 65' lang='lat'>¹</span> 
     </span>
     <span class='ocr_line' id='line_1_25' title="bbox 159 2367 1166 2453; baseline 0.001 -21"><span class='ocrx_word' id='word_1_202' title='bbox 159 2368 207 2433; x_wconf 87' lang='lat' dir='ltr'>vis</span> <span class='ocrx_word' id='word_1_203' title='bbox 230 2367 366 2432; x_wconf 85' lang='lat' dir='ltr'>inerat</span> <span class='ocrx_word' id='word_1_204' title='bbox 356 2389 390 2430; x_wconf 92' lang='grc' dir='ltr'>ιιι</span> <span class='ocrx_word' id='word_1_205' title='bbox 413 2367 520 2432; x_wconf 91' lang='lat' dir='ltr'>verbis</span> <span class='ocrx_word' id='word_1_206' title='bbox 542 2370 675 2450; x_wconf 90' lang='lat' dir='ltr'>propter</span> <span class='ocrx_word' id='word_1_207' title='bbox 693 2388 803 2432; x_wconf 88' lang='lat' dir='ltr'>earum</span> <span class='ocrx_word' id='word_1_208' title='bbox 820 2389 942 2452; x_wconf 88' lang='lat' dir='ltr'>rerum,</span> <span class='ocrx_word' id='word_1_209' title='bbox 964 2389 1045 2452; x_wconf 90' lang='lat' dir='ltr'>quae</span> <span class='ocrx_word' id='word_1_210' title='bbox 1066 2368 1166 2453; x_wconf 81' lang='lat' dir='ltr'>signi·</span> 
     </span>
     <span class='ocr_line' id='line_1_26' title="bbox 158 2453 1206 2539; baseline 0.003 -21"><span class='ocrx_word' id='word_1_211' title='bbox 158 2455 339 2520; x_wconf 85' lang='lat' dir='ltr'>finabantur</span> <span class='ocrx_word' id='word_1_212' title='bbox 360 2453 411 2518; x_wconf 87' lang='lat' dir='ltr'>his</span> <span class='ocrx_word' id='word_1_213' title='bbox 434 2454 557 2539; x_wconf 90' lang='lat' dir='ltr'>verbis,</span> <span class='ocrx_word' id='word_1_214' title='bbox 579 2455 787 2538; x_wconf 83' lang='lat' dir='ltr'>dignitatem,</span> <span class='ocrx_word' id='word_1_215' title='bbox 815 2458 852 2520; x_wconf 92' lang='lat' dir='ltr'>ut</span> <span class='ocrx_word' id='word_1_216' title='bbox 878 2455 975 2520; x_wconf 90' lang='lat' dir='ltr'>altior</span> <span class='ocrx_word' id='word_1_217' title='bbox 996 2456 1102 2535; x_wconf 84' lang='lat' dir='ltr'>fieres,</span> <span class='ocrx_word' id='word_1_218' title='bbox 1129 2461 1167 2521; x_wconf 93' lang='lat' dir='ltr'>ut</span> <span class='ocrx_word' id='word_1_219' title='bbox 1179 2483 1206 2522; x_wconf 80' lang='grc' dir='ltr'>ιι</span> 
     </span>
     <span class='ocr_line' id='line_1_27' title="bbox 157 2542 1165 2626; baseline 0.002 -19"><span class='ocrx_word' id='word_1_220' title='bbox 157 2543 321 2608; x_wconf 86' lang='lat' dir='ltr'>interdum</span> <span class='ocrx_word' id='word_1_221' title='bbox 343 2542 523 2626; x_wconf 88' lang='lat' dir='ltr'>insisteres,</span> <span class='ocrx_word' id='word_1_222' title='bbox 547 2546 585 2607; x_wconf 86' lang='lat' dir='ltr'>ut</span> <span class='ocrx_word' id='word_1_223' title='bbox 606 2564 666 2607; x_wconf 90' lang='lat' dir='ltr'>nos</span> <span class='ocrx_word' id='word_1_224' title='bbox 689 2543 818 2607; x_wconf 87' lang='lat' dir='ltr'>intuens</span> <span class='ocrx_word' id='word_1_225' title='bbox 842 2543 936 2626; x_wconf 86' lang='lat' dir='ltr'>quasi</span> <span class='ocrx_word' id='word_1_226' title='bbox 957 2543 1165 2609; x_wconf 78' lang='lat' dir='ltr'>testificarere</span> 
     </span>
     <span class='ocr_line' id='line_1_28' title="bbox 158 2629 1167 2715; baseline 0.003 -20"><span class='ocrx_word' id='word_1_227' title='bbox 158 2630 282 2695; x_wconf 83' lang='lat' dir='ltr'>laudari</span> <span class='ocrx_word' id='word_1_228' title='bbox 305 2629 510 2694; x_wconf 88' lang='lat' dir='ltr'>honestatem</span> <span class='ocrx_word' id='word_1_229' title='bbox 530 2633 563 2694; x_wconf 85' lang='lat' dir='ltr'>et</span> <span class='ocrx_word' id='word_1_230' title='bbox 585 2630 744 2694; x_wconf 86' lang='lat' dir='ltr'>iustitiam</span> <span class='ocrx_word' id='word_1_231' title='bbox 763 2630 936 2714; x_wconf 87' lang='lat' dir='ltr'>aliquando</span> <span class='ocrx_word' id='word_1_232' title='bbox 955 2632 997 2696; x_wconf 90' lang='lat' dir='ltr'>ab</span> <span class='ocrx_word' id='word_1_233' title='bbox 1015 2629 1167 2715; x_wconf 81' lang='lat' dir='ltr'>Epicuro.</span> 
     </span>
     <span class='ocr_line' id='line_1_29' title="bbox 159 2716 1167 2804; baseline 0.003 -22"><span class='ocrx_word' id='word_1_234' title='bbox 159 2718 262 2793; x_wconf 78' lang='lat' dir='ltr'>Quam</span> <span class='ocrx_word' id='word_1_235' title='bbox 285 2721 317 2782; x_wconf 93' lang='lat' dir='ltr'>te</span> <span class='ocrx_word' id='word_1_236' title='bbox 340 2716 475 2783; x_wconf 83' lang='lat' dir='ltr'>decebat</span> <span class='ocrx_word' id='word_1_237' title='bbox 497 2719 538 2784; x_wconf 89' lang='lat' dir='ltr'>iis</span> <span class='ocrx_word' id='word_1_238' title='bbox 562 2719 668 2783; x_wconf 87' lang='lat' dir='ltr'>verbis</span> <span class='ocrx_word' id='word_1_239' title='bbox 690 2718 751 2800; x_wconf 91' lang='lat' dir='ltr'>uti,</span> <span class='ocrx_word' id='word_1_240' title='bbox 779 2717 897 2803; x_wconf 92' lang='lat' dir='ltr'>quibus</span> <span class='ocrx_word' id='word_1_241' title='bbox 925 2719 952 2783; x_wconf 93' lang='lat' dir='ltr'>si</span> <span class='ocrx_word' id='word_1_242' title='bbox 979 2719 1167 2804; x_wconf 89' lang='lat' dir='ltr'>philosophi</span> 
     </span>
     <span class='ocr_line' id='line_1_30' title="bbox 157 2805 1165 2892; baseline 0 -22"><span class='ocrx_word' id='word_1_243' title='bbox 157 2827 223 2871; x_wconf 91' lang='grc' dir='ltr'>ιιοιι</span> <span class='ocrx_word' id='word_1_244' title='bbox 259 2808 437 2888; x_wconf 88' lang='lat' dir='ltr'>uterentur,</span> <span class='ocrx_word' id='word_1_245' title='bbox 475 2805 683 2889; x_wconf 91' lang='lat' dir='ltr'>philosophia</span> <span class='ocrx_word' id='word_1_246' title='bbox 718 2807 848 2870; x_wconf 91' lang='lat' dir='ltr'>omnino</span> <span class='ocrx_word' id='word_1_247' title='bbox 885 2827 950 2871; x_wconf 90' lang='grc' dir='ltr'>ιιοιι</span> <span class='ocrx_word' id='word_1_248' title='bbox 986 2809 1165 2892; x_wconf 84' lang='lat' dir='ltr'>egeremus!</span> 
     </span>
     <span class='ocr_line' id='line_1_31' title="bbox 157 2892 1207 2978; baseline 0.004 -22"><span class='ocrx_word' id='word_1_249' title='bbox 157 2892 300 2958; x_wconf 89' lang='lat' dir='ltr'>Istorum</span> <span class='ocrx_word' id='word_1_250' title='bbox 327 2893 413 2958; x_wconf 89' lang='lat' dir='ltr'>enim</span> <span class='ocrx_word' id='word_1_251' title='bbox 440 2893 611 2958; x_wconf 86' lang='lat' dir='ltr'>verborum</span> <span class='ocrx_word' id='word_1_252' title='bbox 639 2915 762 2976; x_wconf 87' lang='lat' dir='ltr'>amore,</span> <span class='ocrx_word' id='word_1_253' title='bbox 789 2915 869 2978; x_wconf 88' lang='lat' dir='ltr'>quae</span> <span class='ocrx_word' id='word_1_254' title='bbox 897 2915 1028 2977; x_wconf 89' lang='lat' dir='ltr'>perraro</span> <span class='ocrx_word' id='word_1_255' title='bbox 1056 2895 1165 2978; x_wconf 90' lang='lat' dir='ltr'>appel·</span> <span class='ocrx_word' id='word_1_256' title='bbox 1180 2921 1207 2960; x_wconf 80' lang='lat' dir='ltr'>oo</span> 
     </span>
     <span class='ocr_line' id='line_1_32' title="bbox 158 2980 1167 3067; baseline 0.001 -21"><span class='ocrx_word' id='word_1_257' title='bbox 158 2983 228 3046; x_wconf 89' lang='lat' dir='ltr'>lant</span> <span class='ocrx_word' id='word_1_258' title='bbox 229 3003 267 3045; x_wconf 92' lang='lat' dir='ltr'>ur</span> <span class='ocrx_word' id='word_1_259' title='bbox 294 2980 335 3046; x_wconf 86' lang='lat' dir='ltr'>ab</span> <span class='ocrx_word' id='word_1_260' title='bbox 362 2981 516 3065; x_wconf 78' lang='lat' dir='ltr'>Epicuro,</span> <span class='ocrx_word' id='word_1_261' title='bbox 547 2981 739 3065; x_wconf 85' lang='lat' dir='ltr'>sapientiae,</span> <span class='ocrx_word' id='word_1_262' title='bbox 769 2980 983 3063; x_wconf 84' lang='lat' dir='ltr'>fortitudinis,</span> <span class='ocrx_word' id='word_1_263' title='bbox 1013 2982 1167 3067; x_wconf 83' lang='lat' dir='ltr'>iustitiae,</span> 
     </span>
     <span class='ocr_line' id='line_1_33' title="bbox 157 3030 1166 3154; baseline 0.001 -20"><span class='ocrx_word' id='word_1_264' title='bbox 157 3069 404 3152; x_wconf 86' lang='lat' dir='ltr'>temperantiae,</span> <span class='ocrx_word' id='word_1_265' title='bbox 426 3068 745 3154; x_wconf 88' lang='lat' dir='ltr'>praestantissimis</span> <span class='ocrx_word' id='word_1_266' title='bbox 736 3068 874 3153; x_wconf 83' lang='lat' dir='ltr'>mgeniis</span> <span class='ocrx_word' id='word_1_267' title='bbox 895 3030 1043 3134; x_wconf 75' lang='lat' dir='ltr'>homines</span> <span class='ocrx_word' id='word_1_268' title='bbox 1067 3091 1102 3134; x_wconf 88' lang='lat' dir='ltr'>se</span> <span class='ocrx_word' id='word_1_269' title='bbox 1125 3071 1166 3135; x_wconf 89' lang='lat' dir='ltr'>ad</span> 
     </span>
     <span class='ocr_line' id='line_1_34' title="bbox 106 3153 1166 3272; baseline 0.003 -52"><span class='ocrx_word' id='word_1_270' title='bbox 106 3179 138 3227; x_wconf 64' lang='grc' dir='ltr'>ιι</span> <span class='ocrx_word' id='word_1_271' title='bbox 157 3156 438 3272; x_wconf 89' lang='lat' dir='ltr'>philosophiaet</span> <span class='ocrx_word' id='word_1_272' title='bbox 407 3157 548 3220; x_wconf 87' lang='lat' dir='ltr'>studium</span> <span class='ocrx_word' id='word_1_273' title='bbox 576 3160 650 3220; x_wconf 82' lang='lat' dir='ltr'>cont</span> <span class='ocrx_word' id='word_1_274' title='bbox 636 3156 786 3220; x_wconf 88' lang='lat' dir='ltr'>ttulerun</span> <span class='ocrx_word' id='word_1_275' title='bbox 837 3153 1090 3242; x_wconf 83' lang='lat' dir='ltr'>Oculorum&#39;,</span> <span class='ocrx_word' id='word_1_276' title='bbox 1118 3159 1166 3224; x_wconf 92' lang='lat' dir='ltr'>in·</span> 
     </span>
     <span class='ocr_line' id='line_1_35' title="bbox 48 3243 1166 3330; baseline 0.001 -21"><span class='ocrx_word' id='word_1_277' title='bbox 48 3259 51 3264; x_wconf 83' lang='lat'>&#39;</span> <span class='ocrx_word' id='word_1_278' title='bbox 153 3246 229 3330; x_wconf 84' lang='lat' dir='ltr'>&#39;quit</span> <span class='ocrx_word' id='word_1_279' title='bbox 214 3243 393 3327; x_wconf 89' lang='lat' dir='ltr'>tt,Pla0</span> <span class='ocrx_word' id='word_1_280' title='bbox 399 3247 458 3308; x_wconf 86' lang='lat' dir='ltr'>ost</span> <span class='ocrx_word' id='word_1_281' title='bbox 480 3245 519 3308; x_wconf 92' lang='lat' dir='ltr'>in</span> <span class='ocrx_word' id='word_1_282' title='bbox 541 3244 653 3309; x_wconf 89' lang='lat' dir='ltr'>nobis</span> <span class='ocrx_word' id='word_1_283' title='bbox 677 3265 810 3308; x_wconf 89' lang='lat' dir='ltr'>sensus</span> <span class='ocrx_word' id='word_1_284' title='bbox 836 3245 1058 3328; x_wconf 85' lang='lat' dir='ltr'>acerrimus,</span> <span class='ocrx_word' id='word_1_285' title='bbox 1083 3247 1166 3330; x_wconf 91' lang='lat' dir='ltr'>qui-</span> 
     </span>
     <span class='ocr_line' id='line_1_36' title="bbox 158 3331 1207 3416; baseline 0 -17"><span class='ocrx_word' id='word_1_286' title='bbox 158 3334 227 3399; x_wconf 91' lang='lat' dir='ltr'>bus</span> <span class='ocrx_word' id='word_1_287' title='bbox 255 3331 487 3416; x_wconf 89' lang='lat' dir='ltr'>sapientiam</span> <span class='ocrx_word' id='word_1_288' title='bbox 515 3352 589 3395; x_wconf 92' lang='lat' dir='ltr'>non</span> <span class='ocrx_word' id='word_1_289' title='bbox 616 3331 814 3397; x_wconf 82' lang='lat' dir='ltr'>cernimus.</span> <span class='ocrx_word' id='word_1_290' title='bbox 864 3331 980 3408; x_wconf 84' lang='lat' dir='ltr'>Quam</span> <span class='ocrx_word' id='word_1_291' title='bbox 1008 3333 1079 3397; x_wconf 89' lang='lat' dir='ltr'>illa</span> <span class='ocrx_word' id='word_1_292' title='bbox 1109 3356 1165 3397; x_wconf 87' lang='lat' dir='ltr'>ar·</span> <span class='ocrx_word' id='word_1_293' title='bbox 1180 3359 1207 3400; x_wconf 77' lang='grc' dir='ltr'>ιι</span> 
     </span>
     <span class='ocr_line' id='line_1_37' title="bbox 159 3416 1167 3486; baseline 0.001 -1"><span class='ocrx_word' id='word_1_294' title='bbox 159 3421 285 3485; x_wconf 92' lang='lat' dir='ltr'>dentis</span> <span class='ocrx_word' id='word_1_295' title='bbox 317 3441 465 3484; x_wconf 87' lang='lat' dir='ltr'>amores</span> <span class='ocrx_word' id='word_1_296' title='bbox 493 3418 685 3484; x_wconf 75' lang='lat' dir='ltr'>excitaret</span> <span class='ocrx_word' id='word_1_297' title='bbox 708 3417 798 3485; x_wconf 88' lang='lat' dir='ltr'>suil&#39;</span> <span class='ocrx_word' id='word_1_298' title='bbox 849 3416 914 3486; x_wconf 82' lang='lat' dir='ltr'>Our</span> <span class='ocrx_word' id='word_1_299' title='bbox 940 3421 1095 3486; x_wconf 83' lang='lat' dir='ltr'>tandem?</span> <span class='ocrx_word' id='word_1_300' title='bbox 1124 3443 1167 3486; x_wconf 89' lang='lat' dir='ltr'>an</span> 
     </span>
    </p>
   </div>
   <div class='ocr_carea' id='block_1_3' title="bbox 158 3506 1186 3595">
    <p class='ocr_par' dir='ltr' id='par_1_3' title="bbox 158 3506 1186 3595">
     <span class='ocr_line' id='line_1_38' title="bbox 158 3506 1186 3595; baseline 0.001 -24"><span class='ocrx_word' id='word_1_301' title='bbox 158 3508 243 3595; x_wconf 84' lang='lat' dir='ltr'>quod</span> <span class='ocrx_word' id='word_1_302' title='bbox 273 3507 321 3572; x_wconf 88' lang='lat' dir='ltr'>ita</span> <span class='ocrx_word' id='word_1_303' title='bbox 353 3506 469 3572; x_wconf 86' lang='lat' dir='ltr'>callida</span> <span class='ocrx_word' id='word_1_304' title='bbox 501 3510 563 3591; x_wconf 88' lang='lat' dir='ltr'>est,</span> <span class='ocrx_word' id='word_1_305' title='bbox 593 3512 631 3572; x_wconf 89' lang='lat' dir='ltr'>ut</span> <span class='ocrx_word' id='word_1_306' title='bbox 668 3508 791 3591; x_wconf 87' lang='lat' dir='ltr'>optime</span> <span class='ocrx_word' id='word_1_307' title='bbox 821 3509 926 3592; x_wconf 89' lang='lat' dir='ltr'>possit</span> <span class='ocrx_word' id='word_1_308' title='bbox 963 3509 1186 3573; x_wconf 77' lang='lat' dir='ltr'>architectari-</span> 
     </span>
    </p>
   </div>
   <div class='ocr_carea' id='block_1_4' title="bbox 0 0 1298 3950">
    <p class='ocr_par' dir='ltr' id='par_1_4' title="bbox 0 0 1298 3950">
     <span class='ocr_line' id='line_1_39' title="bbox 0 0 1298 3950; baseline 0 0"><span class='ocrx_word' id='word_1_309' title='bbox 0 0 1298 3950; x_wconf 95' lang='lat' dir='ltr'> </span> 
     </span>
    </p>
   </div>
  </div>
 </body>
</html>
