<?xml version="1.0" encoding="UTF-8"?>
<!DOCTYPE html PUBLIC "-//W3C//DTD XHTML 1.0 Transitional//EN"
    "http://www.w3.org/TR/xhtml1/DTD/xhtml1-transitional.dtd">
<html xmlns="http://www.w3.org/1999/xhtml" xml:lang="en" lang="en">
 <head>
  <title>
</title>
<meta http-equiv="Content-Type" content="text/html;charset=utf-8" />
  <meta name='ocr-system' content='tesseract 3.04.00' />
  <meta name='ocr-capabilities' content='ocr_page ocr_carea ocr_par ocr_line ocrx_word'/>
</head>
<body>
  <div class='ocr_page' id='page_1' title='image "./scriptaquaemans00unkngoog_0106.png"; bbox 0 0 2552 3966; ppageno 0'>
   <div class='ocr_carea' id='block_1_1' title="bbox 253 225 1111 306">
    <p class='ocr_par' dir='ltr' id='par_1_1' title="bbox 253 225 1111 306">
     <span class='ocr_line' id='line_1_1' title="bbox 253 225 1111 306; baseline 0.003 -26"><span class='ocrx_word' id='word_1_1' title='bbox 253 265 255 270; x_wconf 91' lang='lat'><em>.</em></span> <span class='ocrx_word' id='word_1_2' title='bbox 331 229 399 282; x_wconf 79' lang='lat' dir='ltr'><strong>nie.</strong></span> <span class='ocrx_word' id='word_1_3' title='bbox 417 229 452 282; x_wconf 82' lang='grc' dir='ltr'><strong>Π.</strong></span> <span class='ocrx_word' id='word_1_4' title='bbox 480 225 556 282; x_wconf 76' lang='lat' dir='ltr'><strong>ear.</strong></span> <span class='ocrx_word' id='word_1_5' title='bbox 576 231 698 280; x_wconf 74' lang='lat' dir='ltr'><strong>sc-ru</strong></span> <span class='ocrx_word' id='word_1_6' title='bbox 727 230 881 291; x_wconf 74' lang='lat' dir='ltr'><strong>sec-is.</strong></span> <span class='ocrx_word' id='word_1_7' title='bbox 1068 225 1111 306; x_wconf 78' lang='lat'><strong>53</strong></span> 
     </span>
    </p>
   </div>
   <div class='ocr_carea' id='block_1_2' title="bbox 18 373 1189 3646">
    <p class='ocr_par' dir='ltr' id='par_1_2' title="bbox 18 373 1189 3646">
     <span class='ocr_line' id='line_1_2' title="bbox 18 373 1112 474; baseline -0.003 -17"><span class='ocrx_word' id='word_1_8' title='bbox 18 373 19 438; x_wconf 65' lang='grc' dir='ltr'>Ϊ</span> <span class='ocrx_word' id='word_1_9' title='bbox 96 392 179 457; x_wconf 77' lang='lat' dir='ltr'><strong>hic?</strong></span> <span class='ocrx_word' id='word_1_10' title='bbox 206 413 286 456; x_wconf 90' lang='lat' dir='ltr'><strong>num</strong></span> <span class='ocrx_word' id='word_1_11' title='bbox 314 388 497 474; x_wconf 73' lang='lat' dir='ltr'>sophistes?</span> <span class='ocrx_word' id='word_1_12' title='bbox 530 389 577 454; x_wconf 90' lang='lat' dir='ltr'><strong>sic</strong></span> <span class='ocrx_word' id='word_1_13' title='bbox 603 389 688 453; x_wconf 92' lang='lat' dir='ltr'><strong>enim</strong></span> <span class='ocrx_word' id='word_1_14' title='bbox 722 389 970 472; x_wconf 74' lang='lat' dir='ltr'>appellabantur</span> <span class='ocrx_word' id='word_1_15' title='bbox 993 388 1030 473; x_wconf 90' lang='lat' dir='ltr'><strong>ii,</strong></span> <span class='ocrx_word' id='word_1_16' title='bbox 1058 390 1112 473; x_wconf 87' lang='lat' dir='ltr'><strong>qui</strong></span> 
     </span>
     <span class='ocr_line' id='line_1_3' title="bbox 18 476 1111 562; baseline -0.006 -13"><span class='ocrx_word' id='word_1_17' title='bbox 18 483 19 550; x_wconf 77' lang='lat'>3</span> <span class='ocrx_word' id='word_1_18' title='bbox 98 479 335 546; x_wconf 75' lang='lat' dir='ltr'><strong>ostentationis</strong></span> <span class='ocrx_word' id='word_1_19' title='bbox 372 482 428 543; x_wconf 85' lang='lat' dir='ltr'><strong>aut</strong></span> <span class='ocrx_word' id='word_1_20' title='bbox 469 481 621 562; x_wconf 78' lang='lat' dir='ltr'><strong>quaestus</strong></span> <span class='ocrx_word' id='word_1_21' title='bbox 659 498 756 541; x_wconf 90' lang='lat' dir='ltr'><strong>causa</strong></span> <span class='ocrx_word' id='word_1_22' title='bbox 790 476 1111 560; x_wconf 78' lang='lat' dir='ltr'><strong>philosophabantur.</strong></span> 
     </span>
     <span class='ocr_line' id='line_1_4' title="bbox 96 563 1164 650; baseline -0.003 -20"><span class='ocrx_word' id='word_1_23' title='bbox 96 567 249 632; x_wconf 86' lang='lat' dir='ltr'><strong>Maxima</strong></span> <span class='ocrx_word' id='word_1_24' title='bbox 280 566 343 630; x_wconf 88' lang='lat' dir='ltr'><strong>fuit</strong></span> <span class='ocrx_word' id='word_1_25' title='bbox 374 569 407 630; x_wconf 85' lang='lat' dir='ltr'><strong>et</strong></span> <span class='ocrx_word' id='word_1_26' title='bbox 438 565 609 650; x_wconf 82' lang='lat' dir='ltr'><strong>gravitatis</strong></span> <span class='ocrx_word' id='word_1_27' title='bbox 641 569 674 629; x_wconf 88' lang='lat' dir='ltr'><strong>et</strong></span> <span class='ocrx_word' id='word_1_28' title='bbox 704 565 827 650; x_wconf 78' lang='lat' dir='ltr'><strong>ingenii</strong></span> <span class='ocrx_word' id='word_1_29' title='bbox 858 563 971 648; x_wconf 85' lang='lat' dir='ltr'><strong>gloria</strong></span> <span class='ocrx_word' id='word_1_30' title='bbox 1029 564 1112 642; x_wconf 80' lang='lat' dir='ltr'><strong>Quid</strong></span> <span class='ocrx_word' id='word_1_31' title='bbox 1131 579 1164 629; x_wconf 79' lang='lat'><strong>&#39;13</strong></span> 
     </span>
     <span class='ocr_line' id='line_1_5' title="bbox 96 651 1112 738; baseline 0.001 -21"><span class='ocrx_word' id='word_1_32' title='bbox 96 656 218 738; x_wconf 88' lang='lat' dir='ltr'><strong>loquar</strong></span> <span class='ocrx_word' id='word_1_33' title='bbox 243 655 283 718; x_wconf 90' lang='lat' dir='ltr'><strong>de</strong></span> <span class='ocrx_word' id='word_1_34' title='bbox 305 653 514 718; x_wconf 79' lang='lat' dir='ltr'><strong>Democrito?</strong></span> <span class='ocrx_word' id='word_1_35' title='bbox 542 673 637 737; x_wconf 88' lang='lat' dir='ltr'><strong>quem</strong></span> <span class='ocrx_word' id='word_1_36' title='bbox 665 674 737 717; x_wconf 90' lang='lat' dir='ltr'><strong>cum</strong></span> <span class='ocrx_word' id='word_1_37' title='bbox 765 673 802 716; x_wconf 91' lang='lat' dir='ltr'><strong>eo</strong></span> <span class='ocrx_word' id='word_1_38' title='bbox 830 651 973 717; x_wconf 86' lang='lat' dir='ltr'><strong>conferre</strong></span> <span class='ocrx_word' id='word_1_39' title='bbox 999 675 1112 737; x_wconf 90' lang='lat' dir='ltr'><strong>possu-</strong></span> 
     </span>
     <span class='ocr_line' id='line_1_6' title="bbox 72 739 1112 826; baseline -0.003 -17"><span class='ocrx_word' id='word_1_40' title='bbox 72 765 175 809; x_wconf 82' lang='lat' dir='ltr'><strong>smus</strong></span> <span class='ocrx_word' id='word_1_41' title='bbox 197 764 267 808; x_wconf 90' lang='lat' dir='ltr'><strong>non</strong></span> <span class='ocrx_word' id='word_1_42' title='bbox 286 741 381 806; x_wconf 90' lang='lat' dir='ltr'><strong>modo</strong></span> <span class='ocrx_word' id='word_1_43' title='bbox 399 741 521 826; x_wconf 84' lang='lat' dir='ltr'><strong>ingenii</strong></span> <span class='ocrx_word' id='word_1_44' title='bbox 538 740 775 825; x_wconf 83' lang='lat' dir='ltr'><strong>magnitudine,</strong></span> <span class='ocrx_word' id='word_1_45' title='bbox 798 739 854 804; x_wconf 94' lang='lat' dir='ltr'><strong>sed</strong></span> <span class='ocrx_word' id='word_1_46' title='bbox 874 740 973 804; x_wconf 91' lang='lat' dir='ltr'><strong>etiam</strong></span> <span class='ocrx_word' id='word_1_47' title='bbox 991 741 1112 806; x_wconf 85' lang='lat' dir='ltr'><strong>animi?</strong></span> 
     </span>
     <span class='ocr_line' id='line_1_7' title="bbox 98 827 1111 914; baseline 0 -20"><span class='ocrx_word' id='word_1_48' title='bbox 98 832 155 914; x_wconf 90' lang='lat' dir='ltr'><strong>qui</strong></span> <span class='ocrx_word' id='word_1_49' title='bbox 189 830 239 894; x_wconf 87' lang='lat' dir='ltr'><strong>ita</strong></span> <span class='ocrx_word' id='word_1_50' title='bbox 271 830 314 894; x_wconf 91' lang='lat' dir='ltr'><strong>sit</strong></span> <span class='ocrx_word' id='word_1_51' title='bbox 345 851 441 894; x_wconf 89' lang='lat' dir='ltr'><strong>ausus</strong></span> <span class='ocrx_word' id='word_1_52' title='bbox 478 828 590 894; x_wconf 89' lang='lat' dir='ltr'><strong>ordiri:</strong></span> <span class='ocrx_word' id='word_1_53' title='bbox 628 827 746 894; x_wconf 73' lang='lat' dir='ltr'><strong>‘Haec</strong></span> <span class='ocrx_word' id='word_1_54' title='bbox 781 829 917 913; x_wconf 90' lang='lat' dir='ltr'><strong>loquor</strong></span> <span class='ocrx_word' id='word_1_55' title='bbox 951 828 995 893; x_wconf 92' lang='lat' dir='ltr'><strong>de</strong></span> <span class='ocrx_word' id='word_1_56' title='bbox 1030 830 1111 894; x_wconf 91' lang='lat' dir='ltr'><strong>uni·</strong></span> 
     </span>
     <span class='ocr_line' id='line_1_8' title="bbox 98 915 1112 1002; baseline -0.001 -20"><span class='ocrx_word' id='word_1_57' title='bbox 98 916 255 982; x_wconf 62' lang='lat' dir='ltr'><strong>versis?</strong></span> <span class='ocrx_word' id='word_1_58' title='bbox 291 915 385 982; x_wconf 88' lang='lat' dir='ltr'><strong>Nihil</strong></span> <span class='ocrx_word' id='word_1_59' title='bbox 408 917 536 1002; x_wconf 87' lang='lat' dir='ltr'><strong>excipit,</strong></span> <span class='ocrx_word' id='word_1_60' title='bbox 558 917 597 980; x_wconf 89' lang='lat' dir='ltr'><strong>de</strong></span> <span class='ocrx_word' id='word_1_61' title='bbox 619 939 682 1001; x_wconf 94' lang='lat' dir='ltr'><strong>quo</strong></span> <span class='ocrx_word' id='word_1_62' title='bbox 703 938 771 982; x_wconf 91' lang='lat' dir='ltr'><strong>non</strong></span> <span class='ocrx_word' id='word_1_63' title='bbox 792 916 989 1000; x_wconf 85' lang='lat' dir='ltr'><strong>profiteatur.</strong></span> <span class='ocrx_word' id='word_1_64' title='bbox 1029 917 1112 995; x_wconf 81' lang='lat' dir='ltr'><strong>Quid</strong></span> 
     </span>
     <span class='ocr_line' id='line_1_9' title="bbox 18 1004 1111 1089; baseline 0 -19"><span class='ocrx_word' id='word_1_65' title='bbox 18 1039 19 1050; x_wconf 46' lang='lat'>³</span> <span class='ocrx_word' id='word_1_66' title='bbox 99 1007 189 1070; x_wconf 89' lang='lat' dir='ltr'><strong>enim</strong></span> <span class='ocrx_word' id='word_1_67' title='bbox 223 1027 292 1070; x_wconf 90' lang='lat' dir='ltr'><strong>esse</strong></span> <span class='ocrx_word' id='word_1_68' title='bbox 325 1008 434 1089; x_wconf 89' lang='lat' dir='ltr'><strong>potest</strong></span> <span class='ocrx_word' id='word_1_69' title='bbox 461 1009 552 1069; x_wconf 86' lang='lat' dir='ltr'><strong>extra</strong></span> <span class='ocrx_word' id='word_1_70' title='bbox 573 1005 744 1069; x_wconf 79' lang='lat' dir='ltr'><strong>universa?</strong></span> <span class='ocrx_word' id='word_1_71' title='bbox 790 1004 868 1081; x_wconf 81' lang='lat' dir='ltr'><strong>Quis</strong></span> <span class='ocrx_word' id='word_1_72' title='bbox 896 1004 982 1070; x_wconf 89' lang='lat' dir='ltr'><strong>hunc</strong></span> <span class='ocrx_word' id='word_1_73' title='bbox 1007 1005 1111 1088; x_wconf 93' lang='lat' dir='ltr'><strong>philo·</strong></span> 
     </span>
     <span class='ocr_line' id='line_1_10' title="bbox 99 1090 1111 1178; baseline 0.001 -21"><span class='ocrx_word' id='word_1_74' title='bbox 99 1094 245 1177; x_wconf 84' lang='lat' dir='ltr'><strong>sophum</strong></span> <span class='ocrx_word' id='word_1_75' title='bbox 271 1114 338 1157; x_wconf 91' lang='lat' dir='ltr'><strong>non</strong></span> <span class='ocrx_word' id='word_1_76' title='bbox 364 1093 534 1176; x_wconf 89' lang='lat' dir='ltr'><strong>anteponit</strong></span> <span class='ocrx_word' id='word_1_77' title='bbox 562 1090 724 1177; x_wconf 76' lang='lat' dir='ltr'><strong>Cleanthi,</strong></span> <span class='ocrx_word' id='word_1_78' title='bbox 754 1091 950 1178; x_wconf 75' lang='lat' dir='ltr'><strong>ChrysippO,</strong></span> <span class='ocrx_word' id='word_1_79' title='bbox 979 1093 1111 1177; x_wconf 89' lang='lat' dir='ltr'><strong>reliquis</strong></span> 
     </span>
     <span class='ocr_line' id='line_1_11' title="bbox 64 1179 1110 1266; baseline -0.001 -19"><span class='ocrx_word' id='word_1_80' title='bbox 64 1181 266 1248; x_wconf 79' lang='lat' dir='ltr'><strong>ninferioris</strong></span> <span class='ocrx_word' id='word_1_81' title='bbox 297 1179 439 1245; x_wconf 82' lang='lat' dir='ltr'><strong>aetatis?</strong></span> <span class='ocrx_word' id='word_1_82' title='bbox 471 1181 527 1264; x_wconf 93' lang='lat' dir='ltr'><strong>qui</strong></span> <span class='ocrx_word' id='word_1_83' title='bbox 554 1180 635 1245; x_wconf 90' lang='lat' dir='ltr'><strong>mihi</strong></span> <span class='ocrx_word' id='word_1_84' title='bbox 661 1203 735 1246; x_wconf 90' lang='lat' dir='ltr'><strong>cum</strong></span> <span class='ocrx_word' id='word_1_85' title='bbox 761 1181 818 1246; x_wconf 93' lang='lat' dir='ltr'><strong>illo</strong></span> <span class='ocrx_word' id='word_1_86' title='bbox 847 1181 958 1246; x_wconf 84' lang='lat' dir='ltr'><strong>collati</strong></span> <span class='ocrx_word' id='word_1_87' title='bbox 979 1181 1110 1266; x_wconf 88' lang='lat' dir='ltr'><strong>quintae</strong></span> 
     </span>
     <span class='ocr_line' id='line_1_12' title="bbox 99 1268 1111 1354; baseline 0 -20"><span class='ocrx_word' id='word_1_88' title='bbox 99 1270 216 1335; x_wconf 90' lang='lat' dir='ltr'><strong>classis</strong></span> <span class='ocrx_word' id='word_1_89' title='bbox 238 1268 396 1334; x_wconf 84' lang='lat' dir='ltr'><strong>videntur.</strong></span> <span class='ocrx_word' id='word_1_90' title='bbox 440 1269 548 1352; x_wconf 85' lang='lat' dir='ltr'><strong>Atque</strong></span> <span class='ocrx_word' id='word_1_91' title='bbox 574 1269 603 1332; x_wconf 91' lang='lat' dir='ltr'><strong>is</strong></span> <span class='ocrx_word' id='word_1_92' title='bbox 629 1291 697 1334; x_wconf 91' lang='lat' dir='ltr'><strong>non</strong></span> <span class='ocrx_word' id='word_1_93' title='bbox 723 1269 786 1334; x_wconf 88' lang='lat' dir='ltr'><strong>hoc</strong></span> <span class='ocrx_word' id='word_1_94' title='bbox 815 1269 906 1353; x_wconf 90' lang='lat' dir='ltr'><strong>dicit,</strong></span> <span class='ocrx_word' id='word_1_95' title='bbox 936 1269 1021 1353; x_wconf 88' lang='lat' dir='ltr'><strong>quod</strong></span> <span class='ocrx_word' id='word_1_96' title='bbox 1042 1291 1111 1354; x_wconf 79' lang='lat' dir='ltr'><strong>nor,</strong></span> 
     </span>
     <span class='ocr_line' id='line_1_13' title="bbox 99 1356 1111 1442; baseline 0.001 -20"><span class='ocrx_word' id='word_1_97' title='bbox 99 1358 155 1442; x_wconf 91' lang='lat' dir='ltr'><strong>qui</strong></span> <span class='ocrx_word' id='word_1_98' title='bbox 187 1357 259 1422; x_wconf 84' lang='lat' dir='ltr'><strong>veri</strong></span> <span class='ocrx_word' id='word_1_99' title='bbox 291 1379 360 1422; x_wconf 87' lang='lat' dir='ltr'><strong>esse</strong></span> <span class='ocrx_word' id='word_1_100' title='bbox 392 1356 514 1441; x_wconf 89' lang='lat' dir='ltr'><strong>aliquid</strong></span> <span class='ocrx_word' id='word_1_101' title='bbox 547 1377 614 1422; x_wconf 86' lang='lat' dir='ltr'><strong>non</strong></span> <span class='ocrx_word' id='word_1_102' title='bbox 647 1378 822 1442; x_wconf 81' lang='lat' dir='ltr'><strong>negamus,</strong></span> <span class='ocrx_word' id='word_1_103' title='bbox 856 1358 979 1442; x_wconf 85' lang='lat' dir='ltr'><strong>percipi</strong></span> <span class='ocrx_word' id='word_1_104' title='bbox 1014 1379 1111 1442; x_wconf 87' lang='lat' dir='ltr'><strong>posse</strong></span> 
     </span>
     <span class='ocr_line' id='line_1_14' title="bbox 99 1445 1111 1531; baseline 0 -21"><span class='ocrx_word' id='word_1_105' title='bbox 99 1467 272 1531; x_wconf 70' lang='lat' dir='ltr'><strong>negamus,</strong></span> <span class='ocrx_word' id='word_1_106' title='bbox 294 1445 350 1509; x_wconf 91' lang='lat' dir='ltr'><strong>ille</strong></span> <span class='ocrx_word' id='word_1_107' title='bbox 372 1465 486 1509; x_wconf 87' lang='lat' dir='ltr'><strong>verum</strong></span> <span class='ocrx_word' id='word_1_108' title='bbox 507 1445 603 1528; x_wconf 90' lang='lat' dir='ltr'><strong>plane</strong></span> <span class='ocrx_word' id='word_1_109' title='bbox 620 1448 720 1530; x_wconf 81' lang='lat' dir='ltr'><strong>negat</strong></span> <span class='ocrx_word' id='word_1_110' title='bbox 742 1467 826 1528; x_wconf 72' lang='lat' dir='ltr'><strong>esse,</strong></span> <span class='ocrx_word' id='word_1_111' title='bbox 850 1467 963 1511; x_wconf 88' lang='lat' dir='ltr'><strong>sensus</strong></span> <span class='ocrx_word' id='word_1_112' title='bbox 982 1446 1111 1531; x_wconf 88' lang='lat' dir='ltr'><strong>quidem</strong></span> 
     </span>
     <span class='ocr_line' id='line_1_15' title="bbox 99 1532 1111 1618; baseline -0.001 -20"><span class='ocrx_word' id='word_1_113' title='bbox 99 1557 167 1600; x_wconf 90' lang='lat' dir='ltr'><strong>non</strong></span> <span class='ocrx_word' id='word_1_114' title='bbox 200 1534 355 1598; x_wconf 89' lang='lat' dir='ltr'><strong>obscuros</strong></span> <span class='ocrx_word' id='word_1_115' title='bbox 387 1532 478 1616; x_wconf 85' lang='lat' dir='ltr'><strong>dicit,</strong></span> <span class='ocrx_word' id='word_1_116' title='bbox 510 1532 566 1597; x_wconf 89' lang='lat' dir='ltr'><strong>sed</strong></span> <span class='ocrx_word' id='word_1_117' title='bbox 597 1533 830 1618; x_wconf 78' lang='lat' dir='ltr'><strong>tenebricosos3</strong></span> <span class='ocrx_word' id='word_1_118' title='bbox 862 1534 909 1598; x_wconf 89' lang='lat' dir='ltr'><strong>sic</strong></span> <span class='ocrx_word' id='word_1_119' title='bbox 937 1534 1022 1598; x_wconf 89' lang='lat' dir='ltr'><strong>enim</strong></span> <span class='ocrx_word' id='word_1_120' title='bbox 1054 1556 1111 1618; x_wconf 88' lang='lat' dir='ltr'><strong>ap·</strong></span> 
     </span>
     <span class='ocr_line' id='line_1_16' title="bbox 66 1620 1110 1705; baseline 0 -19"><span class='ocrx_word' id='word_1_121' title='bbox 66 1647 87 1688; x_wconf 89' lang='lat'><strong>15</strong></span> <span class='ocrx_word' id='word_1_122' title='bbox 99 1621 204 1705; x_wconf 87' lang='lat' dir='ltr'><strong>pellat</strong></span> <span class='ocrx_word' id='word_1_123' title='bbox 226 1643 290 1687; x_wconf 87' lang='lat' dir='ltr'><strong>eos.</strong></span> <span class='ocrx_word' id='word_1_124' title='bbox 325 1620 373 1704; x_wconf 89' lang='lat' dir='ltr'><strong>Is,</strong></span> <span class='ocrx_word' id='word_1_125' title='bbox 396 1620 452 1704; x_wconf 91' lang='lat' dir='ltr'><strong>qui</strong></span> <span class='ocrx_word' id='word_1_126' title='bbox 472 1621 559 1686; x_wconf 90' lang='lat' dir='ltr'><strong>hunc</strong></span> <span class='ocrx_word' id='word_1_127' title='bbox 578 1621 716 1686; x_wconf 86' lang='lat' dir='ltr'><strong>maxime</strong></span> <span class='ocrx_word' id='word_1_128' title='bbox 738 1625 788 1686; x_wconf 90' lang='lat' dir='ltr'><strong>est</strong></span> <span class='ocrx_word' id='word_1_129' title='bbox 805 1621 991 1704; x_wconf 89' lang='lat' dir='ltr'><strong>admiratus,</strong></span> <span class='ocrx_word' id='word_1_130' title='bbox 1010 1620 1110 1687; x_wconf 76' lang='lat' dir='ltr'><strong>Chius</strong></span> 
     </span>
     <span class='ocr_line' id='line_1_17' title="bbox 99 1709 1110 1793; baseline 0 -19"><span class='ocrx_word' id='word_1_131' title='bbox 99 1709 319 1792; x_wconf 85' lang='lat' dir='ltr'><strong>Metrodorus,</strong></span> <span class='ocrx_word' id='word_1_132' title='bbox 348 1709 444 1773; x_wconf 87' lang='lat' dir='ltr'><strong>initio</strong></span> <span class='ocrx_word' id='word_1_133' title='bbox 470 1709 560 1792; x_wconf 84' lang='lat' dir='ltr'><strong>libri,</strong></span> <span class='ocrx_word' id='word_1_134' title='bbox 589 1709 645 1793; x_wconf 89' lang='lat' dir='ltr'><strong>qui</strong></span> <span class='ocrx_word' id='word_1_135' title='bbox 672 1712 723 1774; x_wconf 89' lang='lat' dir='ltr'><strong>est</strong></span> <span class='ocrx_word' id='word_1_136' title='bbox 748 1709 788 1773; x_wconf 91' lang='lat' dir='ltr'><strong>de</strong></span> <span class='ocrx_word' id='word_1_137' title='bbox 809 1713 939 1774; x_wconf 85' lang='lat' dir='ltr'><strong>natura:</strong></span> <span class='ocrx_word' id='word_1_138' title='bbox 973 1709 1110 1793; x_wconf 79' lang='lat' dir='ltr'><strong>‘Nego&#39;</strong></span> 
     </span>
     <span class='ocr_line' id='line_1_18' title="bbox 100 1796 1189 1883; baseline 0 -21"><span class='ocrx_word' id='word_1_139' title='bbox 100 1799 209 1883; x_wconf 85' lang='lat' dir='ltr'><strong>inquit</strong></span> <span class='ocrx_word' id='word_1_140' title='bbox 236 1796 351 1862; x_wconf 75' lang='lat' dir='ltr'><strong>‘scire</strong></span> <span class='ocrx_word' id='word_1_141' title='bbox 382 1818 465 1880; x_wconf 88' lang='lat' dir='ltr'><strong>nos,</strong></span> <span class='ocrx_word' id='word_1_142' title='bbox 497 1797 712 1862; x_wconf 87' lang='lat' dir='ltr'><strong>sciamusne</strong></span> <span class='ocrx_word' id='word_1_143' title='bbox 742 1796 904 1881; x_wconf 89' lang='lat' dir='ltr'><strong>aliquid,</strong></span> <span class='ocrx_word' id='word_1_144' title='bbox 936 1820 982 1861; x_wconf 92' lang='lat' dir='ltr'><strong>an</strong></span> <span class='ocrx_word' id='word_1_145' title='bbox 1010 1797 1110 1862; x_wconf 89' lang='lat' dir='ltr'><strong>nihil</strong></span> <span class='ocrx_word' id='word_1_146' title='bbox 1180 1851 1189 1883; x_wconf 67' lang='lat'><strong>,</strong></span> 
     </span>
     <span class='ocr_line' id='line_1_19' title="bbox 102 1884 1109 1970; baseline -0.001 -19"><span class='ocrx_word' id='word_1_147' title='bbox 102 1887 283 1969; x_wconf 88' lang='lat' dir='ltr'><strong>sciamus,</strong></span> <span class='ocrx_word' id='word_1_148' title='bbox 301 1907 347 1949; x_wconf 91' lang='lat' dir='ltr'><strong>ne</strong></span> <span class='ocrx_word' id='word_1_149' title='bbox 364 1884 404 1949; x_wconf 90' lang='lat' dir='ltr'><strong>id</strong></span> <span class='ocrx_word' id='word_1_150' title='bbox 421 1885 545 1968; x_wconf 89' lang='lat' dir='ltr'><strong>ipsum</strong></span> <span class='ocrx_word' id='word_1_151' title='bbox 563 1884 727 1970; x_wconf 89' lang='lat' dir='ltr'><strong>quidem,</strong></span> <span class='ocrx_word' id='word_1_152' title='bbox 744 1885 893 1950; x_wconf 89' lang='lat' dir='ltr'><strong>nescire</strong></span> <span class='ocrx_word' id='word_1_153' title='bbox 913 1889 979 1951; x_wconf 91' lang='lat' dir='ltr'><strong>aut</strong></span> <span class='ocrx_word' id='word_1_154' title='bbox 997 1885 1109 1968; x_wconf 88' lang='lat' dir='ltr'><strong>scire,</strong></span> 
     </span>
     <span class='ocr_line' id='line_1_20' title="bbox 103 1973 1110 2058; baseline 0 -20"><span class='ocrx_word' id='word_1_155' title='bbox 103 1975 199 2039; x_wconf 88' lang='lat' dir='ltr'><strong>scire</strong></span> <span class='ocrx_word' id='word_1_156' title='bbox 222 1995 304 2057; x_wconf 89' lang='lat' dir='ltr'><strong>nos,</strong></span> <span class='ocrx_word' id='word_1_157' title='bbox 327 1994 396 2039; x_wconf 92' lang='lat' dir='ltr'><strong>nec</strong></span> <span class='ocrx_word' id='word_1_158' title='bbox 419 1973 588 2056; x_wconf 90' lang='lat' dir='ltr'><strong>omnino,</strong></span> <span class='ocrx_word' id='word_1_159' title='bbox 618 1973 719 2038; x_wconf 88' lang='lat' dir='ltr'><strong>sitne</strong></span> <span class='ocrx_word' id='word_1_160' title='bbox 746 1973 909 2058; x_wconf 90' lang='lat' dir='ltr'><strong>aliquid,</strong></span> <span class='ocrx_word' id='word_1_161' title='bbox 933 1996 980 2039; x_wconf 92' lang='lat' dir='ltr'><strong>an</strong></span> <span class='ocrx_word' id='word_1_162' title='bbox 1008 1973 1110 2040; x_wconf 88' lang='lat' dir='ltr'><strong>nihil</strong></span> 
     </span>
     <span class='ocr_line' id='line_1_21' title="bbox 69 2059 1161 2148; baseline 0.002 -21"><span class='ocrx_word' id='word_1_163' title='bbox 69 2087 91 2127; x_wconf 84' lang='lat' dir='ltr'><strong>so</strong></span> <span class='ocrx_word' id='word_1_164' title='bbox 103 2061 178 2127; x_wconf 87' lang='lat' dir='ltr'><strong>sit’</strong></span> <span class='ocrx_word' id='word_1_165' title='bbox 210 2061 328 2127; x_wconf 90' lang='lat' dir='ltr'><strong>Furere</strong></span> <span class='ocrx_word' id='word_1_166' title='bbox 346 2061 409 2126; x_wconf 86' lang='lat' dir='ltr'><strong>tibi</strong></span> <span class='ocrx_word' id='word_1_167' title='bbox 422 2059 636 2145; x_wconf 83' lang='lat' dir='ltr'><strong>Empedocles</strong></span> <span class='ocrx_word' id='word_1_168' title='bbox 655 2063 790 2147; x_wconf 86' lang='lat' dir='ltr'><strong>videtur,</strong></span> <span class='ocrx_word' id='word_1_169' title='bbox 809 2066 844 2126; x_wconf 92' lang='lat' dir='ltr'><strong>at</strong></span> <span class='ocrx_word' id='word_1_170' title='bbox 860 2063 942 2127; x_wconf 89' lang='lat' dir='ltr'><strong>mihi</strong></span> <span class='ocrx_word' id='word_1_171' title='bbox 961 2063 1109 2148; x_wconf 84' lang='lat' dir='ltr'><strong>dignissi-</strong></span> <span class='ocrx_word' id='word_1_172' title='bbox 1129 2079 1161 2129; x_wconf 77' lang='lat'><strong>74</strong></span> 
     </span>
     <span class='ocr_line' id='line_1_22' title="bbox 104 2149 1107 2235; baseline 0.003 -20"><span class='ocrx_word' id='word_1_173' title='bbox 104 2173 191 2215; x_wconf 88' lang='lat' dir='ltr'><strong>mum</strong></span> <span class='ocrx_word' id='word_1_174' title='bbox 217 2150 314 2214; x_wconf 86' lang='lat' dir='ltr'><strong>rebus</strong></span> <span class='ocrx_word' id='word_1_175' title='bbox 341 2151 395 2233; x_wconf 89' lang='lat' dir='ltr'><strong>iis,</strong></span> <span class='ocrx_word' id='word_1_176' title='bbox 429 2149 468 2213; x_wconf 90' lang='lat' dir='ltr'><strong>de</strong></span> <span class='ocrx_word' id='word_1_177' title='bbox 496 2149 612 2234; x_wconf 89' lang='lat' dir='ltr'><strong>quibus</strong></span> <span class='ocrx_word' id='word_1_178' title='bbox 644 2151 799 2235; x_wconf 90' lang='lat' dir='ltr'><strong>loquitur,</strong></span> <span class='ocrx_word' id='word_1_179' title='bbox 826 2172 941 2217; x_wconf 90' lang='lat' dir='ltr'><strong>sonum</strong></span> <span class='ocrx_word' id='word_1_180' title='bbox 967 2151 1107 2218; x_wconf 86' lang='lat' dir='ltr'><strong>fundere.</strong></span> 
     </span>
     <span class='ocr_line' id='line_1_23' title="bbox 104 2238 1108 2323; baseline 0.001 -19"><span class='ocrx_word' id='word_1_181' title='bbox 104 2239 189 2304; x_wconf 87' lang='lat' dir='ltr'><strong>Num</strong></span> <span class='ocrx_word' id='word_1_182' title='bbox 222 2259 298 2322; x_wconf 80' lang='lat' dir='ltr'><strong>ergo</strong></span> <span class='ocrx_word' id='word_1_183' title='bbox 328 2238 357 2302; x_wconf 88' lang='lat' dir='ltr'><strong>is</strong></span> <span class='ocrx_word' id='word_1_184' title='bbox 389 2241 539 2302; x_wconf 84' lang='lat' dir='ltr'><strong>excaecat</strong></span> <span class='ocrx_word' id='word_1_185' title='bbox 573 2259 633 2303; x_wconf 90' lang='lat' dir='ltr'><strong>nos</strong></span> <span class='ocrx_word' id='word_1_186' title='bbox 665 2242 722 2303; x_wconf 90' lang='lat' dir='ltr'><strong>aut</strong></span> <span class='ocrx_word' id='word_1_187' title='bbox 755 2240 851 2304; x_wconf 87' lang='lat' dir='ltr'><strong>orbat</strong></span> <span class='ocrx_word' id='word_1_188' title='bbox 882 2239 1043 2323; x_wconf 85' lang='lat' dir='ltr'><strong>sensibus,</strong></span> <span class='ocrx_word' id='word_1_189' title='bbox 1081 2242 1108 2306; x_wconf 89' lang='lat' dir='ltr'><strong>si</strong></span> 
     </span>
     <span class='ocr_line' id='line_1_24' title="bbox 105 2325 1108 2412; baseline 0.001 -20"><span class='ocrx_word' id='word_1_190' title='bbox 105 2346 218 2411; x_wconf 91' lang='lat' dir='ltr'><strong>parum</strong></span> <span class='ocrx_word' id='word_1_191' title='bbox 245 2347 397 2410; x_wconf 85' lang='lat' dir='ltr'><strong>maguam</strong></span> <span class='ocrx_word' id='word_1_192' title='bbox 426 2325 492 2390; x_wconf 83' lang='lat' dir='ltr'><strong>vim</strong></span> <span class='ocrx_word' id='word_1_193' title='bbox 515 2329 624 2391; x_wconf 81' lang='lat' dir='ltr'><strong>censet</strong></span> <span class='ocrx_word' id='word_1_194' title='bbox 649 2327 685 2391; x_wconf 92' lang='lat' dir='ltr'><strong>in</strong></span> <span class='ocrx_word' id='word_1_195' title='bbox 711 2327 753 2392; x_wconf 91' lang='lat' dir='ltr'><strong>iis</strong></span> <span class='ocrx_word' id='word_1_196' title='bbox 782 2349 851 2392; x_wconf 90' lang='lat' dir='ltr'><strong>esse</strong></span> <span class='ocrx_word' id='word_1_197' title='bbox 880 2329 921 2392; x_wconf 90' lang='lat' dir='ltr'><strong>ad</strong></span> <span class='ocrx_word' id='word_1_198' title='bbox 948 2351 998 2412; x_wconf 88' lang='lat' dir='ltr'><strong>ea,</strong></span> <span class='ocrx_word' id='word_1_199' title='bbox 1026 2351 1108 2412; x_wconf 90' lang='lat' dir='ltr'><strong>quae</strong></span> 
     </span>
     <span class='ocr_line' id='line_1_25' title="bbox 108 2414 1108 2499; baseline 0.002 -19"><span class='ocrx_word' id='word_1_200' title='bbox 108 2415 164 2480; x_wconf 88' lang='lat' dir='ltr'><strong>sub</strong></span> <span class='ocrx_word' id='word_1_201' title='bbox 183 2436 237 2480; x_wconf 89' lang='lat' dir='ltr'><strong>cos</strong></span> <span class='ocrx_word' id='word_1_202' title='bbox 256 2414 402 2479; x_wconf 87' lang='lat' dir='ltr'><strong>subiecta</strong></span> <span class='ocrx_word' id='word_1_203' title='bbox 419 2417 509 2496; x_wconf 89' lang='lat' dir='ltr'><strong>sunt,</strong></span> <span class='ocrx_word' id='word_1_204' title='bbox 530 2414 723 2479; x_wconf 80' lang='lat' dir='ltr'><strong>iudicanda?</strong></span> <span class='ocrx_word' id='word_1_205' title='bbox 758 2415 979 2499; x_wconf 85' lang='lat' dir='ltr'><strong>Parmenides,</strong></span> <span class='ocrx_word' id='word_1_206' title='bbox 1002 2415 1108 2482; x_wconf 89' lang='lat' dir='ltr'><strong>Xeno-</strong></span> 
     </span>
     <span class='ocr_line' id='line_1_26' title="bbox 73 2501 1112 2588; baseline 0.003 -22"><span class='ocrx_word' id='word_1_207' title='bbox 73 2503 240 2586; x_wconf 74' lang='lat' dir='ltr'><strong>raphanos,</strong></span> <span class='ocrx_word' id='word_1_208' title='bbox 267 2503 373 2568; x_wconf 89' lang='lat' dir='ltr'><strong>minus</strong></span> <span class='ocrx_word' id='word_1_209' title='bbox 401 2501 495 2568; x_wconf 88' lang='lat' dir='ltr'><strong>bonis</strong></span> <span class='ocrx_word' id='word_1_210' title='bbox 518 2525 713 2586; x_wconf 90' lang='lat' dir='ltr'><strong>quamquam</strong></span> <span class='ocrx_word' id='word_1_211' title='bbox 735 2504 894 2588; x_wconf 87' lang='lat' dir='ltr'><strong>versibus,</strong></span> <span class='ocrx_word' id='word_1_212' title='bbox 921 2505 976 2568; x_wconf 92' lang='lat' dir='ltr'><strong>sed</strong></span> <span class='ocrx_word' id='word_1_213' title='bbox 998 2507 1112 2570; x_wconf 88' lang='lat' dir='ltr'><strong>tamen</strong></span> 
     </span>
     <span class='ocr_line' id='line_1_27' title="bbox 109 2590 1108 2677; baseline 0.003 -23"><span class='ocrx_word' id='word_1_214' title='bbox 109 2591 155 2655; x_wconf 92' lang='lat' dir='ltr'><strong>illi</strong></span> <span class='ocrx_word' id='word_1_215' title='bbox 171 2590 316 2656; x_wconf 88' lang='lat' dir='ltr'><strong>versibus</strong></span> <span class='ocrx_word' id='word_1_216' title='bbox 339 2591 509 2674; x_wconf 87' lang='lat' dir='ltr'><strong>increpant</strong></span> <span class='ocrx_word' id='word_1_217' title='bbox 531 2611 642 2655; x_wconf 87' lang='lat' dir='ltr'><strong>eorum</strong></span> <span class='ocrx_word' id='word_1_218' title='bbox 665 2591 891 2676; x_wconf 79' lang='lat' dir='ltr'><strong>adrogantiam</strong></span> <span class='ocrx_word' id='word_1_219' title='bbox 910 2593 1001 2676; x_wconf 87' lang='lat' dir='ltr'><strong>quasi</strong></span> <span class='ocrx_word' id='word_1_220' title='bbox 1023 2593 1108 2677; x_wconf 89' lang='lat' dir='ltr'><strong>irati,</strong></span> 
     </span>
     <span class='ocr_line' id='line_1_28' title="bbox 110 2678 1108 2836; baseline 0.004 -6"><span class='ocrx_word' id='word_1_221' title='bbox 110 2679 285 2831; x_wconf 44' lang='lat' dir='ltr'><strong>stunt</strong></span> <span class='ocrx_word' id='word_1_222' title='bbox 299 2678 856 2833; x_wconf 56' lang='lat' dir='ltr'><strong>ttattlttlllutlttut</strong></span> <span class='ocrx_word' id='word_1_223' title='bbox 874 2680 1108 2836; x_wconf 65' lang='lat' dir='ltr'><strong>ttttltl·</strong></span> 
     </span>
     <span class='ocr_line' id='line_1_29' title="bbox 111 2853 1107 2940; baseline 0.003 -21"><span class='ocrx_word' id='word_1_224' title='bbox 111 2853 191 2920; x_wconf 75' lang='lat' dir='ltr'><strong>Cur?</strong></span> <span class='ocrx_word' id='word_1_225' title='bbox 226 2876 269 2918; x_wconf 90' lang='lat' dir='ltr'><strong>an</strong></span> <span class='ocrx_word' id='word_1_226' title='bbox 304 2854 343 2918; x_wconf 88' lang='lat' dir='ltr'><strong>de</strong></span> <span class='ocrx_word' id='word_1_227' title='bbox 374 2854 451 2919; x_wconf 88' lang='lat' dir='ltr'><strong>ullis</strong></span> <span class='ocrx_word' id='word_1_228' title='bbox 483 2855 600 2920; x_wconf 88' lang='lat' dir='ltr'><strong>certius</strong></span> <span class='ocrx_word' id='word_1_229' title='bbox 631 2879 765 2940; x_wconf 90' lang='lat' dir='ltr'><strong>possum</strong></span> <span class='ocrx_word' id='word_1_230' title='bbox 798 2856 924 2922; x_wconf 82' lang='lat' dir='ltr'><strong>diocre‘?</strong></span> <span class='ocrx_word' id='word_1_231' title='bbox 979 2855 1107 2924; x_wconf 87' lang='lat' dir='ltr'><strong>Vixisse</strong></span> 
     </span>
     <span class='ocr_line' id='line_1_30' title="bbox 76 2941 1108 3030; baseline 0.006 -24"><span class='ocrx_word' id='word_1_232' title='bbox 76 2966 100 3007; x_wconf 84' lang='lat' dir='ltr'><strong>ao</strong></span> <span class='ocrx_word' id='word_1_233' title='bbox 113 2965 179 3006; x_wconf 89' lang='lat' dir='ltr'><strong>cum</strong></span> <span class='ocrx_word' id='word_1_234' title='bbox 199 2942 239 3006; x_wconf 91' lang='lat' dir='ltr'><strong>iis</strong></span> <span class='ocrx_word' id='word_1_235' title='bbox 263 2941 409 3026; x_wconf 87' lang='lat' dir='ltr'><strong>equidem</strong></span> <span class='ocrx_word' id='word_1_236' title='bbox 431 2943 553 3026; x_wconf 70' lang='lat' dir='ltr'><strong>videor,</strong></span> <span class='ocrx_word' id='word_1_237' title='bbox 575 2943 623 3008; x_wconf 92' lang='lat' dir='ltr'><strong>ita</strong></span> <span class='ocrx_word' id='word_1_238' title='bbox 640 2945 736 3009; x_wconf 90' lang='lat' dir='ltr'><strong>multi</strong></span> <span class='ocrx_word' id='word_1_239' title='bbox 754 2966 917 3011; x_wconf 87' lang='lat' dir='ltr'><strong>sermones</strong></span> <span class='ocrx_word' id='word_1_240' title='bbox 937 2947 1108 3030; x_wconf 89' lang='lat' dir='ltr'><strong>perscripti</strong></span> 
     </span>
     <span class='ocr_line' id='line_1_31' title="bbox 113 3030 1108 3117; baseline 0.008 -23"><span class='ocrx_word' id='word_1_241' title='bbox 113 3034 194 3112; x_wconf 88' lang='lat' dir='ltr'><strong>sunt,</strong></span> <span class='ocrx_word' id='word_1_242' title='bbox 216 3051 233 3094; x_wconf 90' lang='lat' dir='ltr'><strong>e</strong></span> <span class='ocrx_word' id='word_1_243' title='bbox 256 3030 373 3114; x_wconf 88' lang='lat' dir='ltr'><strong>quibus</strong></span> <span class='ocrx_word' id='word_1_244' title='bbox 396 3030 537 3096; x_wconf 65' lang='lat' dir='ltr'><strong>dubimri</strong></span> <span class='ocrx_word' id='word_1_245' title='bbox 554 3052 620 3096; x_wconf 92' lang='lat' dir='ltr'><strong>non</strong></span> <span class='ocrx_word' id='word_1_246' title='bbox 642 3033 759 3116; x_wconf 90' lang='lat' dir='ltr'><strong>pos&#39;sit,</strong></span> <span class='ocrx_word' id='word_1_247' title='bbox 782 3034 861 3117; x_wconf 89' lang='lat' dir='ltr'><strong>quin</strong></span> <span class='ocrx_word' id='word_1_248' title='bbox 879 3031 1005 3099; x_wconf 80' lang='lat' dir='ltr'><strong>Socrati</strong></span> <span class='ocrx_word' id='word_1_249' title='bbox 1024 3034 1108 3104; x_wconf 90' lang='lat' dir='ltr'><strong>nihil</strong></span> 
     </span>
     <span class='ocr_line' id='line_1_32' title="bbox 114 3118 1107 3206; baseline 0.006 -24"><span class='ocrx_word' id='word_1_250' title='bbox 114 3119 152 3182; x_wconf 91' lang='lat' dir='ltr'><strong>sit</strong></span> <span class='ocrx_word' id='word_1_251' title='bbox 171 3118 275 3182; x_wconf 81' lang='lat' dir='ltr'><strong>visum</strong></span> <span class='ocrx_word' id='word_1_252' title='bbox 298 3118 373 3182; x_wconf 90' lang='lat' dir='ltr'><strong>sciri</strong></span> <span class='ocrx_word' id='word_1_253' title='bbox 395 3139 503 3201; x_wconf 75' lang='lat' dir='ltr'><strong>posse,</strong></span> <span class='ocrx_word' id='word_1_254' title='bbox 532 3121 656 3203; x_wconf 86' lang='lat' dir='ltr'><strong>excepit</strong></span> <span class='ocrx_word' id='word_1_255' title='bbox 677 3142 776 3186; x_wconf 91' lang='lat' dir='ltr'><strong>unum</strong></span> <span class='ocrx_word' id='word_1_256' title='bbox 798 3125 937 3206; x_wconf 86' lang='lat' dir='ltr'><strong>tantum,</strong></span> <span class='ocrx_word' id='word_1_257' title='bbox 968 3123 1049 3187; x_wconf 88' lang='lat' dir='ltr'><strong>seire</strong></span> <span class='ocrx_word' id='word_1_258' title='bbox 1073 3143 1107 3188; x_wconf 89' lang='lat' dir='ltr'><strong>se</strong></span> 
     </span>
     <span class='ocr_line' id='line_1_33' title="bbox 113 3205 1107 3289; baseline 0.007 -21"><span class='ocrx_word' id='word_1_259' title='bbox 113 3205 187 3270; x_wconf 86' lang='lat' dir='ltr'><strong>nihil</strong></span> <span class='ocrx_word' id='word_1_260' title='bbox 208 3226 242 3268; x_wconf 91' lang='lat' dir='ltr'><strong>se</strong></span> <span class='ocrx_word' id='word_1_261' title='bbox 265 3206 359 3289; x_wconf 89' lang='lat' dir='ltr'><strong>scire,</strong></span> <span class='ocrx_word' id='word_1_262' title='bbox 380 3206 463 3270; x_wconf 90' lang='lat' dir='ltr'><strong>nihil</strong></span> <span class='ocrx_word' id='word_1_263' title='bbox 482 3207 628 3289; x_wconf 88' lang='lat' dir='ltr'><strong>amplius.</strong></span> <span class='ocrx_word' id='word_1_264' title='bbox 665 3207 749 3284; x_wconf 79' lang='lat' dir='ltr'><strong>Quid</strong></span> <span class='ocrx_word' id='word_1_265' title='bbox 772 3209 875 3274; x_wconf 87' lang='lat' dir='ltr'><strong>dicam</strong></span> <span class='ocrx_word' id='word_1_266' title='bbox 894 3211 933 3274; x_wconf 90' lang='lat' dir='ltr'><strong>de</strong></span> <span class='ocrx_word' id='word_1_267' title='bbox 950 3209 1107 3275; x_wconf 78' lang='lat' dir='ltr'><strong>Platone?</strong></span> 
     </span>
     <span class='ocr_line' id='line_1_34' title="bbox 115 3293 1108 3382; baseline 0.006 -26"><span class='ocrx_word' id='word_1_268' title='bbox 115 3293 163 3377; x_wconf 91' lang='lat' dir='ltr'><strong>qui</strong></span> <span class='ocrx_word' id='word_1_269' title='bbox 184 3295 266 3368; x_wconf 83' lang='lat' dir='ltr'><strong>certe</strong></span> <span class='ocrx_word' id='word_1_270' title='bbox 288 3296 357 3358; x_wconf 85' lang='lat' dir='ltr'><strong>tam</strong></span> <span class='ocrx_word' id='word_1_271' title='bbox 380 3294 491 3358; x_wconf 90' lang='lat' dir='ltr'><strong>multis</strong></span> <span class='ocrx_word' id='word_1_272' title='bbox 513 3295 605 3359; x_wconf 90' lang='lat' dir='ltr'><strong>libris</strong></span> <span class='ocrx_word' id='word_1_273' title='bbox 623 3295 703 3360; x_wconf 87' lang='lat' dir='ltr'><strong>haec</strong></span> <span class='ocrx_word' id='word_1_274' title='bbox 720 3301 906 3380; x_wconf 88' lang='lat' dir='ltr'><strong>persecutus</strong></span> <span class='ocrx_word' id='word_1_275' title='bbox 924 3319 992 3362; x_wconf 91' lang='lat' dir='ltr'><strong>non</strong></span> <span class='ocrx_word' id='word_1_276' title='bbox 1015 3301 1108 3382; x_wconf 89' lang='lat' dir='ltr'><strong>esset,</strong></span> 
     </span>
     <span class='ocr_line' id='line_1_35' title="bbox 80 3379 1106 3468; baseline 0.005 -22"><span class='ocrx_word' id='word_1_277' title='bbox 80 3380 170 3446; x_wconf 74' lang='lat' dir='ltr'><strong>renisi</strong></span> <span class='ocrx_word' id='word_1_278' title='bbox 193 3380 406 3464; x_wconf 87' lang='lat' dir='ltr'><strong>probavisset.</strong></span> <span class='ocrx_word' id='word_1_279' title='bbox 454 3379 597 3446; x_wconf 90' lang='lat' dir='ltr'><strong>Ironiam</strong></span> <span class='ocrx_word' id='word_1_280' title='bbox 630 3384 714 3448; x_wconf 87' lang='lat' dir='ltr'><strong>enim</strong></span> <span class='ocrx_word' id='word_1_281' title='bbox 741 3385 888 3468; x_wconf 89' lang='lat' dir='ltr'><strong>alterius,</strong></span> <span class='ocrx_word' id='word_1_282' title='bbox 919 3389 1106 3468; x_wconf 89' lang='lat' dir='ltr'><strong>perpetuam</strong></span> 
     </span>
     <span class='ocr_line' id='line_1_36' title="bbox 116 3453 1160 3555; baseline 0.007 -23"><span class='ocrx_word' id='word_1_283' title='bbox 116 3468 306 3553; x_wconf 85' lang='lat' dir='ltr'><strong>praesertim,</strong></span> <span class='ocrx_word' id='word_1_284' title='bbox 332 3470 422 3535; x_wconf 87' lang='lat' dir='ltr'><strong>nulla</strong></span> <span class='ocrx_word' id='word_1_285' title='bbox 448 3469 511 3533; x_wconf 82' lang='lat' dir='ltr'><strong>suit</strong></span> <span class='ocrx_word' id='word_1_286' title='bbox 537 3470 621 3534; x_wconf 88' lang='lat' dir='ltr'><strong>ratio</strong></span> <span class='ocrx_word' id='word_1_287' title='bbox 648 3473 805 3555; x_wconf 88' lang='lat' dir='ltr'><strong>persequi.</strong></span> <span class='ocrx_word' id='word_1_288' title='bbox 859 3471 1021 3537; x_wconf 88' lang='lat' dir='ltr'><strong>Videorne</strong></span> <span class='ocrx_word' id='word_1_289' title='bbox 1048 3475 1108 3539; x_wconf 89' lang='lat' dir='ltr'><strong>tibi</strong></span> <span class='ocrx_word' id='word_1_290' title='bbox 1117 3453 1160 3518; x_wconf 73' lang='lat'><strong>24</strong></span> 
     </span>
     <span class='ocr_line' id='line_1_37' title="bbox 117 3531 1159 3646; baseline 0.007 -24"><span class='ocrx_word' id='word_1_291' title='bbox 117 3575 181 3640; x_wconf 90' lang='lat' dir='ltr'><strong>nou,</strong></span> <span class='ocrx_word' id='word_1_292' title='bbox 200 3558 238 3620; x_wconf 90' lang='lat' dir='ltr'><strong>ut</strong></span> <span class='ocrx_word' id='word_1_293' title='bbox 260 3554 463 3642; x_wconf 83' lang='lat' dir='ltr'><strong>Saturninus,</strong></span> <span class='ocrx_word' id='word_1_294' title='bbox 484 3558 652 3622; x_wconf 86' lang='lat' dir='ltr'><strong>nominare</strong></span> <span class='ocrx_word' id='word_1_295' title='bbox 669 3559 766 3623; x_wconf 90' lang='lat' dir='ltr'><strong>modo</strong></span> <span class='ocrx_word' id='word_1_296' title='bbox 783 3559 935 3624; x_wconf 85' lang='lat' dir='ltr'><strong>inlustres</strong></span> <span class='ocrx_word' id='word_1_297' title='bbox 952 3559 1108 3646; x_wconf 87' lang='lat' dir='ltr'><strong>homines,</strong></span> <span class='ocrx_word' id='word_1_298' title='bbox 1127 3531 1159 3581; x_wconf 59' lang='lat'><strong>7⁵</strong></span> 
     </span>
    </p>
   </div>
   <div class='ocr_carea' id='block_1_3' title="bbox 0 0 1280 3966">
    <p class='ocr_par' dir='ltr' id='par_1_3' title="bbox 0 0 1280 3966">
     <span class='ocr_line' id='line_1_38' title="bbox 0 0 1280 3966; baseline 0 0"><span class='ocrx_word' id='word_1_299' title='bbox 0 0 1280 3966; x_wconf 95' lang='lat' dir='ltr'><strong> </strong></span> 
     </span>
    </p>
   </div>
  </div>
 </body>
</html>
