2586 3950
159 208 223 272 124
319 207 367 262 DE
386 207 532 262 EINIBUS
550 207 730 263 BONORUM
748 207 796 262 ET
815 206 997 282 MALORUM

158 369 251 453 quale
283 369 340 453 sit,
376 369 512 434 nesciat!
571 368 686 453 Atqui,
722 341 866 452 inquam
903 373 961 434 aut
977 397 978 400 ¹
995 367 1167 454 Epicurus,

158 458 235 542 quid
267 457 311 521 sit
341 458 506 540 voluptas,
538 460 594 521 aut
625 477 736 521 omnes
769 458 936 541 mortales,
965 457 1020 541 qui
1046 456 1166 541 ubique

158 549 246 628 sunt,
268 545 425 610 nesciunt.
469 544 630 628 Quonam,
652 545 772 628 inquit,
794 545 912 610 modo?
949 545 1033 622 Quia
1054 545 1166 628 volup-

157 639 259 698 tatem
273 633 357 698 hanc
371 655 442 698 esse
457 632 601 698 sentiunt
615 654 735 717 omnes,
753 655 850 718 quam
869 655 982 698 sensus
1004 633 1167 716 accipiens

123 726 306 790 imovetur
336 724 370 786 et
402 721 600 786 iucunditate
637 720 776 805 quadam
811 721 1022 805 perfunditur.
1081 721 1197 798 Quida

157 810 256 896 ergo?
293 809 392 874 istam
425 809 639 892 voluptatem,
670 809 790 893 inquit,
820 808 981 893 Epicurus
1013 809 1167 894 ignorat?

156 898 232 964 Non
250 919 384 981 semper,
401 898 546 981 inquam3
564 918 642 961 nam
660 897 822 962 interdum
836 898 934 962 nimis
950 899 1048 963 etiam
1066 897 1169 982 novit,

157 988 274 1072 quippe
297 986 352 1070 qui
374 985 566 1050 testificetur
583 1006 624 1049 ne
642 985 829 1070 intellegere
853 987 983 1071 quidem
1004 1007 1038 1050 se
1061 1007 1169 1070 posse,

157 1076 213 1139 ubi
236 1076 279 1138 sit
302 1078 359 1139 aut
382 1073 466 1157 quod
485 1073 529 1137 sit
546 1073 649 1137 ullum
669 1075 791 1139 bonum
814 1078 943 1157 praeter
965 1074 1057 1156 illud,
1080 1074 1168 1158 quod

159 1163 230 1227 cibo
264 1164 297 1226 et
318 1161 449 1245 potione
481 1164 514 1225 et
546 1162 672 1226 curium
708 1161 921 1228 delectatione
958 1167 991 1227 et
1026 1162 1215 1227 obscenam

157 1251 324 1334 voluptate
352 1251 507 1332 capiatur.
558 1249 612 1314 Au
642 1251 722 1314 haec
755 1251 795 1314 eb
828 1272 865 1316 eo
897 1272 962 1316 non
994 1251 1166 1316 dicuntur?

158 1338 257 1414 Quasi
292 1359 366 1403 vero
403 1359 454 1401 me
491 1338 627 1422 pudeat,
663 1337 784 1422 inquit,
820 1338 973 1422 istorum,
1009 1342 1065 1403 aut
1099 1361 1168 1404 nou

157 1427 295 1509 possim,
331 1447 426 1510 quem
463 1424 503 1490 ad
539 1425 671 1492 modum
708 1448 747 1490 ea
788 1425 946 1507 dicantur,
983 1427 1166 1492 ostendere!

157 1514 230 1598 Ego
261 1535 337 1578 vero
369 1535 435 1578 uon
466 1512 592 1598 dubito,
628 1515 775 1597 iuquam,
811 1514 890 1599 quin
924 1515 1020 1579 facile
1051 1515 1167 1598 possis,

157 1624 216 1667 nec
247 1606 298 1667 est
329 1601 415 1686 quod
445 1604 478 1666 te
509 1602 628 1686 pudeat
664 1601 804 1685 sapienti
842 1603 1008 1681 assentiri,
1043 1603 1099 1687 qui
1131 1625 1167 1667 se
1184 1629 1212 1668 15

157 1690 492 1843 diuidit?
516 1689 1044 1843 ttttttlmllttltffltt
1078 1688 1167 1844 Illi

159 1868 376 1952 appellaretur
399 1867 439 1930 ab
462 1800 618 1950 Epicuro,
630 1800 807 1950 Iiepudidlre
826 1829 954 1931 tantuni
974 1828 1167 1931 bendficium

157 1955 313 2038 noluisse3
342 1957 465 2039 septem
493 1957 602 2018 autem
628 1954 679 2017 illi
704 1976 771 2019 non
794 1976 866 2036 suc,
894 1955 949 2019 sed
972 1954 1166 2038 populorum

122 2044 313 2127 ssuffragio
346 2042 491 2106 omnium
522 2042 683 2106 nominati
715 2046 798 2108 sunt.
852 2041 973 2107 Verum
1003 2043 1065 2107 hoc
1092 2043 1164 2108 loco
1181 2068 1210 2106 ro

158 2154 250 2195 sumo
282 2130 388 2194 verbis
419 2130 471 2193 his
503 2130 636 2195 eandem
669 2133 753 2195 certe
785 2131 851 2195 vim
881 2131 1059 2214 voluptatis
1086 2119 1166 2215 Epi-

158 2241 269 2283 curum
295 2239 391 2283 nosse
419 2238 516 2301 quam
544 2221 676 2282 ceteros.
726 2218 846 2282 Omnes
879 2219 964 2283 enim
992 2219 1167 2285 iucundum

157 2311 293 2389 motum,
317 2328 380 2390 quo
404 2327 516 2370 sensus
539 2305 709 2389 hilaretur,
736 2305 858 2371 Graece
881 2301 1024 2390 ἡδονήν,
1051 2306 1166 2372 Latine

157 2395 398 2478 voluptatem
424 2397 549 2460 vocant
599 2393 682 2470 Quid
709 2399 759 2458 est
785 2395 899 2480 igitur,
930 2395 1047 2479 inquit,
1080 2395 1165 2480 quod

156 2483 323 2566 requiras?
374 2482 671 2567 Dicam‚iuquam‚
694 2487 727 2548 et
750 2482 879 2566 quidem
902 2483 1045 2548 discendi
1068 2505 1165 2548 causa
1179 2508 1207 2550 2⁵

158 2567 278 2654 magis,
306 2593 402 2654 quam
426 2593 489 2654 quo
514 2574 546 2635 te
571 2575 627 2636 aut
648 2571 825 2654 Epicuru'm
847 2593 1035 2654 reprensum
1058 2571 1165 2636 velim.

157 2658 229 2743 Ego
253 2680 393 2743 quoque,
415 2658 536 2741 inquit,
560 2659 724 2724 didicerim
747 2658 914 2743 libentius,
937 2660 965 2723 si
985 2660 1061 2743 quid
1081 2662 1166 2724 attu-

158 2747 242 2828 leris,
261 2767 358 2830 quam
376 2751 408 2810 te
427 2745 695 2829 reprehenderim.
732 2745 877 2812 Tenesne
896 2747 1006 2830 igitur,
1024 2748 1166 2831 inquam,

157 2833 374 2918 Hieronymus
393 2833 538 2898 Rhodius
563 2834 640 2918 quid
663 2833 750 2898 dicat
767 2855 836 2899 erse
856 2856 1016 2900 summum
1035 2835 1166 2918 bonum,

157 2945 221 3006 quo
253 2925 346 3004 putet
376 2921 486 2986 omnia
516 2923 629 2987 referri
668 2923 839 3005 oportere?
893 2921 1014 3005 Tene0‚
1048 2921 1164 3007 inquit,
1179 2949 1205 2988 oo

156 3013 253 3074 finem
281 3010 331 3073 illi
357 3009 460 3073 videri
486 3009 569 3074 nihil
597 3010 713 3074 dolere.
767 3009 872 3086 Quid?
899 3009 985 3074 idem
1012 3009 1087 3094 iste,
1117 3009 1165 3074 in·

121 3119 268 3183 aquam,
299 3097 352 3161 de'
367 3097 533 3181 voluptate
567 3097 642 3182 quid
671 3097 792 3162 sentit?
843 3097 952 3182 Negat
983 3119 1053 3162 esse
1085 3120 1166 3181 eam,

157 3187 275 3271 inquit,
311 3190 443 3269 propter
480 3208 513 3250 se
546 3186 765 3270 expetendam.
823 3186 922 3251 Aliud
958 3186 1060 3271 igitur
1096 3207 1165 3251 esse

158 3279 266 3340 censet
288 3273 441 3357 gaudere,
464 3273 552 3338 aliud
573 3296 639 3338 non
662 3275 778 3338 dolere.
818 3273 862 3339 Et
885 3274 1029 3358 quidem,
1050 3275 1165 3358 inquit,

157 3363 362 3427 vehementer
381 3365 481 3445 errat3
499 3384 589 3446 nam,
608 3367 644 3427 ut
661 3362 758 3446 paulo
777 3367 852 3427 ante
870 3363 976 3441 docui,
1001 3362 1164 3447 augendae
1178 3386 1202 3426 aa

157 3451 334 3534 voluptatis
356 3451 430 3516 finis
454 3454 504 3515 est
525 3451 645 3516 doloris
664 3451 769 3514 omnis
788 3451 919 3530 amotio.
955 3450 1031 3516 Non
1049 3451 1164 3533 dolere,

156 3539 303 3623 inquam,
326 3540 412 3604 istud
432 3561 528 3624 quam
547 3539 613 3605 vim
631 3539 763 3623 hebeat,
785 3543 899 3624 postea
921 3539 1044 3622 videro;
1067 3538 1164 3603 aliam
