2574 3956
392 208 460 263 nra.
479 209 500 263 Ι.
529 207 606 263 cnr.
627 215 749 265 ra-rs.
777 215 933 277 scr-re.
1110 213 1172 276 109

147 353 376 436 'labefactetur
394 371 500 437 oratio
519 370 615 458 mea.)
646 368 733 437 Nam
752 393 826 438 cum
843 373 1048 459 ignoratione
1065 396 1174 440 rerum

160 460 322 525 bonarum
350 459 562 525 etmalorum
589 460 729 525 maxime
749 460 918 527 hominum
941 462 1010 528 vita
1031 467 1174 548 vexetur,

161 547 204 612 ob
237 569 373 632 eumque
403 568 544 615 errorem
576 551 610 614 et
641 550 864 633 voluptatibus
896 551 1045 616 maximis
1077 573 1173 636 saepe

160 635 328 720 priventur
357 639 390 701 et
415 636 596 702 durissimis
625 636 725 702 animi
757 636 922 704 doloribus
953 643 1174 724 torqueantur,

132 725 322 809 saepientia
345 727 395 790 est
417 724 612 810 adhibenda,
635 747 717 810 quae
741 727 774 791 et
790 727 969 793 terroribus
987 726 1173 811 cupiditati-

159 812 284 898 busque
327 811 480 878 dementis
521 817 555 878 et
599 815 743 880 omnium
787 814 963 890 falsarum,
985 815 1173 900 opinionum

159 902 347 967 temeritate
369 901 503 986 derepta
525 902 740 968 certissimam
764 923 798 969 se
820 901 917 969 nobis
947 904 1059 968 ducem
1082 926 1172 988 prae·

160 990 238 1054 beat
266 989 306 1054 ad
333 990 543 1074 voluptatem.
597 989 765 1076 Sapientia
792 992 877 1056 enim
904 994 956 1058 est
981 1013 1060 1076 una,
1091 1013 1173 1077 quae

159 1077 360 1144 maestitiam
390 1079 493 1161 pellat
523 1099 562 1144 ex
591 1079 722 1164 animis,
749 1101 831 1165 quae
857 1101 918 1146 nos
950 1079 1172 1147 exhorrescere

118 1191 146 1236 no
160 1170 249 1232 metu
267 1185 333 1232 non
351 1166 449 1251 sinat3
473 1188 537 1251 qua
558 1168 778 1253 praeceptrice
795 1169 831 1234 in
848 1169 1087 1255 tranquillitate
1107 1170 1173 1235 vivi

158 1257 270 1338 potest
292 1255 437 1322 omnium
460 1254 674 1338 cupiditatum
697 1256 810 1322 ardore
832 1257 998 1324 restincto.
1042 1253 1171 1342 Cupidi-

159 1347 247 1408 tates
271 1343 356 1409 enim
380 1349 457 1409 sunt
479 1343 696 1427 insatiabiles,
719 1366 801 1429 quae
822 1367 889 1411 non
907 1345 1004 1413 modo
1027 1345 1171 1431 singulos

159 1431 323 1516 homines,
346 1432 401 1497 sed
419 1432 586 1498 universas
603 1432 744 1498 familias
764 1435 927 1513 evertunt,
948 1437 1053 1500 totam
1072 1435 1172 1500 etiam

159 1519 359 1586 labefactant
391 1541 487 1605 saepe
525 1516 594 1586 rem
624 1521 797 1605 publicam.
854 1520 907 1586 Ex
942 1523 1172 1606 cupiditatibus
1190 1534 1226 1584 44

119 1633 147 1673 15
161 1608 248 1692 odia,
272 1607 419 1692 discidia,
445 1609 639 1692 discordiae,
661 1609 852 1694 seditiones,
880 1609 965 1676 bella
987 1615 1172 1696 nascuntur,

160 1717 220 1762 nec
248 1717 303 1762 eae
331 1719 366 1763 se
392 1697 474 1762 foris
502 1696 608 1764 solum
636 1698 761 1763 iactant
786 1719 846 1763 nec
872 1701 1000 1764 tantum
1027 1699 1061 1764 in
1090 1700 1171 1766 alios

160 1806 256 1851 caeco
288 1786 412 1870 impetu
433 1786 617 1870 incurrunt,
648 1785 705 1852 sed
736 1786 823 1852 intus
859 1787 957 1852 etiam
987 1787 1023 1852 in
1055 1788 1172 1852 animis

161 1874 304 1939 inclusae
331 1875 418 1940 inter
445 1895 480 1940 se
508 1873 666 1940 dissident
692 1877 789 1960 atque
817 1873 1016 1960 discordant,
1046 1895 1171 1961 exque

160 1963 263 2028 vitam
282 1963 519 2028 amarissimam
537 1984 667 2029 necesse
686 1967 737 2029 est
755 1963 848 2048 effici,
866 1966 904 2029 ut
918 1965 1047 2049 sapiens
1067 1965 1173 2030 solum

119 2076 147 2117 ro
162 2055 332 2136 amputata
353 2051 606 2137 circumcisaque
629 2052 788 2118 inanitate
811 2052 901 2118 omni
924 2055 958 2118 et
987 2074 1094 2119 errore
1116 2073 1171 2118 ua-
1247 2111 1251 2116 .

159 2144 254 2206 turae
276 2139 395 2206 finibus
417 2143 588 2207 contentus
607 2140 677 2206 sine
698 2140 899 2226 aegritudine
921 2141 1026 2226 possit
1048 2146 1082 2209 et
1105 2142 1172 2206 sine

160 2232 250 2295 metu
273 2228 388 2294 rivere.
438 2227 527 2306 Quae
550 2232 601 2294 est
623 2229 709 2294 enim
732 2232 790 2295 aut
810 2229 924 2296 utilior
947 2233 1005 2296 aut
1027 2231 1068 2296 ad
1090 2231 1171 2295 bene
1190 2252 1224 2300 45

159 2317 331 2382 vivendum
363 2317 471 2402 aptior
501 2317 637 2402 partitio
669 2319 781 2403 quam
801 2317 874 2402 illa,
910 2338 974 2402 qua
1010 2321 1060 2384 est
1095 2341 1171 2384 usus

160 2404 343 2490 Epicurus?
366 2405 423 2492 qui
443 2427 544 2472 unum
566 2425 666 2492 genus
688 2406 799 2489 posuit
822 2427 932 2471 earum
951 2406 1171 2492 cupiditatum,

120 2519 147 2561 ss
161 2515 243 2579 quae
263 2496 370 2560 essent
388 2497 421 2559 et
438 2493 603 2560 naturales
622 2496 656 2559 et
674 2494 889 2578 necessariae,
912 2494 1066 2578 alterum,
1090 2517 1171 2581 quae

159 2581 325 2650 naturales
349 2586 458 2649 essent
477 2603 536 2649 nec
558 2587 668 2648 tamen
685 2582 898 2666 necessariae,
920 2583 1067 2669 tertium,
1089 2605 1170 2668 quae

159 2692 219 2737 neo
246 2671 412 2737 naturales
440 2692 500 2737 nec
522 2671 731 2738 necessariae.
777 2671 919 2748 Quarum
944 2691 982 2736 ea
1004 2672 1088 2738 ratio
1112 2678 1171 2757 est,

159 2762 197 2824 ut
218 2759 417 2825 necessariae
438 2780 499 2825 nec
521 2781 621 2846 opera
641 2760 746 2825 multa
766 2781 827 2826 nec
849 2761 999 2845 impensa
1020 2762 1169 2846 explean-

159 2851 227 2934 tur,
249 2869 290 2914 ne
312 2849 475 2914 naturales
499 2848 629 2934 quidem
651 2849 754 2915 multa
776 2848 975 2934 desiderant,
996 2853 1171 2934 propterea
1189 2870 1224 2920 46

120 2935 244 3022 eoquod
275 2935 347 3021 ipsa
378 2939 497 3002 natura
528 2935 673 3017 divitias,
707 2937 823 3023 quibus
855 2940 1008 3004 contenta
1045 2939 1101 3021 sit,
1138 2941 1170 3003 et

158 3025 324 3109 parabiles
352 3028 386 3091 et
412 3025 602 3091 terminatas
629 3025 742 3111 habet3
770 3026 916 3092 inanium
944 3029 1051 3092 autem
1082 3027 1170 3111 eupi-

160 3114 299 3179 ditatum
329 3135 389 3179 nec
419 3113 534 3181 modus
567 3113 651 3180 ullus
683 3135 743 3180 nec
778 3113 853 3182 finis
879 3115 1022 3181 inveniri
1053 3118 1170 3199 potest.

159 3202 282 3280 Quodsi
313 3203 416 3267 vitam
447 3223 575 3268 omnem
606 3202 792 3287 perturbari
823 3203 969 3270 videmus
1000 3224 1107 3269 errore
1137 3206 1170 3268 et
1182 3209 1224 3272 14

158 3291 342 3376 inscientia,
365 3290 621 3376 sapientiamque
644 3312 714 3358 esse
737 3292 855 3378 solam,
878 3311 960 3378 quae
977 3311 1036 3357 nos
1056 3313 1076 3356 a
1097 3291 1170 3357 libi·

16 3425 21 3430 -
119 3405 146 3447 as
160 3379 272 3445 dinam
302 3380 425 3465 impetu
457 3383 491 3445 et
522 3402 542 3445 a
573 3379 782 3446 formidinum
812 3384 936 3448 terrore
967 3379 1108 3446 uindicet
1137 3385 1171 3445 et

159 3468 262 3553 ipsius
284 3469 435 3535 fortunae
458 3468 581 3534 modice
603 3469 687 3534 ferre
711 3468 825 3535 doceat
846 3468 981 3558 iniurias
1008 3471 1041 3534 et
1063 3469 1168 3534 omnis
1267 3485 1269 3490 ’

159 3559 320 3624 monstret
350 3558 433 3641 vias,
465 3578 546 3642 quae
579 3556 620 3623 ad
653 3557 795 3642 quietem
830 3560 863 3623 et
897 3556 1169 3642 tranquillitatem
