2586 3950
170 205 233 269 192
329 207 378 260 DE
397 204 542 260 FINIBUS
560 196 739 259 Bonosum
757 203 805 258 ΕΤ
824 203 1007 260 MALORUM

168 369 252 453 quod
272 371 381 434 autem
403 367 559 432 honestas
578 366 722 430 actiones
741 366 834 430 affert
852 369 886 430 et
903 365 1013 451 efficit,
1034 367 1176 434 efficiens

117 459 232 574 17diei
255 460 372 541 potest.

115 590 149 638 56
234 543 337 627 Haeo,
365 565 447 629 quae
474 541 661 626 praeposita
688 541 839 623 dicimus,
866 543 986 625 partim
1017 547 1093 608 sunt
1120 567 1177 627 per

169 641 203 698 se
217 634 290 717 ipsa
303 631 499 716 praeposita,
516 631 636 714 partim
651 629 736 713 quod
750 629 871 713 aliquid
886 629 1039 713 efficiunt,
1056 635 1177 714 partim

167 725 352 805 utrumque,
380 741 438 803 per
464 739 512 801 se,
539 720 576 781 ut
602 717 732 802 quidam
761 716 891 782 habitus
915 719 980 782 oris
1004 724 1037 783 et
1060 720 1204 797 vultus,5

168 813 345 886 1111111111,
373 812 410 872 ut
433 808 554 887 motus,
580 805 615 868 in
643 804 759 888 quibus
788 808 864 868 sunt
892 809 925 869 et
949 807 1177 889 praeponenda

130 895 134 912 ¹
168 897 325 982 quaedam
359 898 393 959 et
418 892 593 977 reicienda3
627 892 693 956 alia
722 893 763 957 ob
793 913 864 958 eam
891 914 960 956 rem
990 897 1178 977 praeposita

168 986 327 1066 dicentur,
350 982 435 1068 quod
454 1003 492 1046 ex
511 1002 545 1046 se
566 979 685 1064 aliquid
704 980 862 1064 efficiant,
885 984 922 1043 ut
939 982 1088 1065 pecunia,
1112 984 1178 1047 alia

170 1077 279 1138 autem
306 1072 348 1136 ob
371 1069 541 1154 utramque
563 1090 645 1151 rem,
671 1071 709 1131 ut
735 1069 856 1152 integri
879 1090 1004 1152 sensus,
1033 1074 1071 1134 ut
1092 1071 1178 1134 bona
1204 1090 1211 1100 “

116 1169 149 1217 17
169 1160 327 1226 valetudo.
364 1157 413 1222 De
431 1158 517 1222 bona
540 1161 649 1221 autem
667 1155 756 1220 fama
773 1154 886 1240 (quam
905 1157 991 1221 enim
1010 1159 1178 1241 appellant
1192 1186 1218 1224 ιο

169 1245 338 1329 εὐδοξίαν,
362 1246 469 1327 aptius
493 1248 543 1309 est
566 1244 704 1308 bonam
728 1243 866 1308 famam
889 1243 1045 1310 hocloco
1069 1246 1177 1329 appel·
1285 1239 1286 1312 i

168 1338 236 1400 lare
264 1356 360 1419 quam
387 1330 541 1418 gloriam)
570 1326 770 1414 Chrysippus
800 1332 929 1415 quidem
957 1336 990 1397 et
1014 1331 1177 1418 Diogenes
1285 1327 1286 1410 ᾗ

169 1425 314 1489 detracta
336 1422 479 1487 utilitate
501 1441 541 1486 ne
570 1419 708 1504 digitum
729 1419 865 1503 ¹quidem
891 1421 960 1484 eius
983 1442 1081 1486 carisa
1103 1444 1177 1505 por·

67 1573 71 1582 .
169 1511 340 1597 rigendum
368 1530 438 1574 esse
465 1508 628 1594 dicebant3
655 1507 771 1592 quibus
799 1527 859 1592 ego
889 1508 1096 1574 vehementer
1128 1531 1178 1574 11-

170 1601 301 1665 sentior.
338 1597 402 1674 Qui
425 1600 534 1661 autem
557 1599 633 1679 post
650 1617 706 1660 eos
724 1595 867 1678 fuerunt,
890 1617 964 1660 eum
978 1594 1177 1662 Carneadem
1192 1624 1218 1662 15

170 1688 329 1754 sustinere
347 1707 413 1750 non
431 1687 578 1768 possent,
594 1683 686 1766 hano,
706 1705 802 1766 quam
820 1683 900 1766 dixi,
918 1684 1037 1748 bonam
1055 1685 1178 1749 famam

170 1778 275 1860 ipsam
311 1777 444 1858 propter
481 1793 515 1836 se
552 1772 774 1856 praepositam
810 1775 842 1835 et
879 1773 1065 1837 sumendam
1107 1795 1177 1838 esse

170 1865 333 1944 dixerunt,
360 1882 501 1944 esseque.
518 1859 660 1924 hominis
674 1859 820 1944 'ingenui
843 1863 877 1923 et
904 1859 1081 1924 liberaliter
1104 1861 1177 1926 edu-

171 1953 234 2016 eati
258 1950 340 2016 velle
363 1950 444 2013 bene
469 1947 579 2012 audire
602 1970 622 2011 a
651 1947 853 2031 parentibus,
881 1969 900 2010 1
927 1949 1130 2032 propinquis,
1158 1972 1178 2013 1

171 2040 264 2104 bonis
302 2037 399 2102 etiam
435 2036 527 2118 viris,
562 2035 657 2119 idque
693 2039 826 2120 propter
857 2056 925 2099 rem
957 2037 1075 2120 ipsam,
1111 2059 1177 2102 non
1191 2063 1218 2103 ao

170 2131 301 2210 propter
328 2145 435 2205 usum,
464 2123 650 2208 dicuntque,
681 2127 718 2187 ut
750 2124 861 2188 liberis
894 2125 1074 2188 consultum
1102 2126 1178 2188 veli-

170 2237 257 2296 mus,
284 2213 412 2277 etiamsi
439 2212 583 2294 postumi
608 2210 711 2276 futuri
738 2211 816 2294 sint,
843 2215 976 2295 propter
997 2212 1101 2295 ipsos,
1131 2215 1178 2278 sie

170 2303 299 2366 futurae
321 2303 398 2384 post
419 2303 557 2364 mortem
586 2299 692 2363 famae
719 2303 830 2364 tamen
853 2320 923 2364 esse
946 2306 1079 2384 propter
1100 2323 1178 2382 rem,

118 2391 270 2456 5811111111
301 2389 445 2454 detracto
476 2410 550 2470 usu,
582 2388 821 2458 consulendum.
876 2385 937 2452 Sed
969 2409 1056 2471 eum,
1093 2391 1177 2472 quod

171 2480 343 2544 honestum
366 2478 423 2560 sit,
445 2476 478 2541 id
501 2477 605 2542 solum
628 2477 749 2542 bouum
772 2495 841 2542 esse
864 2475 1022 2558 dieamus,
1044 2498 1177 2542 eonsen-
1192 2505 1218 2544 11

170 2572 302 2632 taneum
330 2570 440 2630 tamen
462 2569 513 2630 est
538 2565 632 2648 fungi
655 2565 775 2641 officio,
804 2585 875 2629 oum
898 2563 931 2628 id
955 2563 1096 2630 officium
1119 2587 1177 2631 nec

170 2657 205 2720 in
227 2655 321 2720 bonis
344 2675 502 2737 ponamus
524 2673 584 2718 neo
606 2653 641 2716 in
663 2653 768 2718 malis.
803 2651 866 2716 Est
889 2652 974 2716 euim
998 2653 1121 2737 aliquid
1142 2655 1177 2719 in

170 2743 223 2807 his
241 2743 338 2806 rebus
358 2741 542 2824 probabile,
565 2745 597 2804 et
616 2740 746 2824 quidem
764 2740 825 2824 ita,
843 2742 880 2804 ut
898 2741 966 2805 eius
985 2741 1069 2806 ratio
1087 2741 1178 2805 reddi

170 2831 287 2915 possit,
321 2849 397 2913 ergo
431 2832 469 2892 ut
500 2829 598 2892 etiam
629 2828 843 2911 probabiliter
874 2828 938 2892 1111
968 2828 1054 2892 ratio
1086 2829 1178 2893 reddi
1284 2833 1285 2840 ’

170 2918 297 3003 possit(
333 2916 397 2982 Est
424 2920 532 2981 autem
559 2915 752 3000 offioium,
784 2915 870 2998 quod
897 2915 944 2980 ita
971 2916 1092 2980 fantum
1121 2921 1179 3000 est,
1193 2945 1219 2984 ao

170 3011 208 3071 ut
234 3007 303 3070 eius
331 3005 410 3070 faeti
436 3005 616 3088 probabilis
643 3004 729 3068 ratio
757 3003 846 3067 reddi
873 3003 986 3086 possit.
1035 3003 1085 3068 Ex
1115 3026 1178 3088 quo

170 3094 371 3179 intellegitur
412 3093 555 3159 officium
595 3091 737 3155 medium
777 3090 929 3173 quiddam
971 3113 1053 3173 esse,
1095 3093 1180 3174 quod

169 3204 274 3267 neque
292 3183 327 3246 in
345 3181 441 3246 bonis
459 3184 599 3265 ponatur
616 3200 719 3263 neque
736 3179 773 3242 in
790 3179 971 3244 1111111111.
1006 3179 1179 3256 Quoniam·

170 3291 232 3354 que
253 3271 288 3334 in
311 3270 351 3334 iis
373 3270 485 3353 rebus,
508 3289 590 3353 quae
607 3289 711 3352 neque
732 3267 767 3331 in
787 3266 961 3332 virtutibus
982 3271 1058 3332 sunt
1075 3290 1179 3353 neque

169 3359 206 3422 in
227 3358 330 3438 vitiis,
358 3360 408 3421 est
433 3359 544 3421 tamen
566 3355 731 3440 quiddam,
758 3354 843 3439 quod
870 3356 943 3420 usui
972 3356 1077 3440 possit
1099 3379 1220 3441 111111
1283 3363 1284 3414 l

169 3445 348 3510 tollendum
375 3444 409 3510 id
435 3465 501 3509 non
528 3447 585 3508 est.
630 3443 693 3508 Est
715 3446 823 3507 autem
847 3443 914 3508 eius
942 3445 1069 3528 generis
1094 3447 1178 3510 aetio

169 3555 297 3626 quoquq
323 3531 493 3617 quaedam,
521 3535 554 3596 et
580 3531 707 3616 quidem
735 3531 825 3614 talis,
854 3535 891 3595 ut
918 3532 1001 3596 ratio
1034 3534 1179 3615 postulet
1283 3537 1284 3578 ³
