2470 3962
301 199 377 254 affl.
394 199 416 256 Ἰ.
442 199 522 256 CAP,
540 197 645 256 8-10.
671 205 831 266 §do-37.
1035 203 1076 267 115

60 385 115 428 suo
145 363 266 428 decore
292 363 553 447 imbecillamque
580 362 732 446 reddidit,
762 364 847 446 quod
879 365 1012 448 negavit
1040 365 1075 430 iu

62 473 99 516 ea
116 451 196 516 sola
212 452 372 534 positum.
388 473 459 515 esse
481 452 575 516 beate
599 451 714 516 risere.
750 450 836 516 Nam
858 451 983 534 Strato,
1006 453 1074 518 eius
1094 475 1130 522 34

64 541 207 624 auditor,
235 561 430 624 quamquam
459 539 525 604 fuit
556 540 623 604 ami
654 539 797 624 ingenio,
823 543 933 604 mmen
963 542 1005 605 ab
1038 563 1076 608 es

64 627 236 712 disciplina
265 629 396 692 omnino
421 627 636 692 semoueudn's
664 632 726 713 est3
755 627 810 712 qui
837 649 909 694 cam
935 629 1075 694 maxime

41 716 282 781 successorium
309 721 434 798 partem
458 715 701 804 philosophiae,
731 735 812 800 quae
825 717 943 800 'posita
966 720 1016 781 est
1041 718 1076 782 in

67 805 186 868 virtute
204 807 239 868 et
253 804 416 888 moribus,
438 800 623 888 reliquisset
642 807 813 906 totumque
830 825 867 868 se
886 805 926 868 ad
944 805 1075 870 investi·

68 893 230 976 ςιῆοιιιιιιι
261 896 397 957 naturae
429 892 630 976 contulisset,
659 892 697 956 in
728 913 767 957 ea
797 894 869 975 ipsa
899 893 1075 976 plurimum

69 979 203 1044 dissedit
223 1003 245 1044 a
268 981 344 1046 suis
380 979 578 1064 Speusippus
602 984 711 1045 autem
734 967 766 1044 e't
787 978 999 1065 Xenocrates,
1023 983 1077 1066 qni

68 1069 165 1150 primi
185 1067 333 1134 Platonis
358 1069 520 1133 rationem
542 1069 831 1153 auctoritatemque
861 1073 1076 1154 susceperant,

35 1161 101 1220 roei
130 1159 208 1240 post
243 1178 298 1222 eos
330 1155 672 1224 Polemocrates
709 1177 834 1242 unaque
866 1156 966 1223 Uram
951 1162 1004 1224 tor
1042 1159 1077 1223 in

69 1244 242 1309 Acadenria
263 1246 455 1330 congregati
481 1161 656 1330 diiigenter
675 1267 730 1328 ea,
758 1267 841 1329 quae
862 1269 881 1310 a
904 1247 1076 1330 superiori-

69 1333 128 1397 bas
145 1337 347 1416 acceperant,
365 1333 548 1398 nubentur
574 1333 645 1397 Iam
660 1333 868 1398 Polemonem
887 1335 1078 1400 audiverant

69 1419 202 1485 adsidue
228 1420 315 1486 Zeno
346 1425 399 1484 et
406 1421 577 1486 Arcesilas.
630 1419 694 1486 Sed
725 1420 812 1487 Zeno
845 1443 916 1486 cum
949 1422 1076 1489 Arcesi·
1095 1443 1130 1492 35

69 1510 135 1574 lam
161 1509 301 1573 anteiret
328 1511 436 1574 aetate
462 1509 618 1594 valdeque
647 1509 811 1574 subtiliter
841 1510 1078 1576 dissererett
1046 1515 1078 1576 et

34 1624 57 1662 a
69 1601 221 1680 peracute
246 1601 429 1663 moueretur
432 1599 619 1683 ,corrigere
643 1601 777 1662 conatus
797 1602 847 1662 est
860 1597 1077 1682 disciplinam.

68 1685 152 1750 Eam
169 1707 311 1770 quoque,
333 1709 363 1750 ιι
354 1685 521 1769 videtur,
541 1686 774 1751 correctionem
792 1687 973 1770 explicabo,
993 1688 1078 1751 sicut

70 1775 196 1839 solebat
217 1773 407 1839 mochus.
452 1736 533 1838 Milli
553 1795 644 1858 vero,
666 1774 807 1858 inquam,
830 1773 969 1858 uidetur,
993 1776 1077 1858 quod
1198 1771 1203 1780 ’

68 1863 156 1926 vides
179 1861 265 1926 idem
289 1862 470 1948 significare
492 1862 717 1946 Pomponium.

134 1950 222 2016 Zeno
252 1950 356 2034 igitm
386 1952 478 2016 nullo
510 1951 605 2037 modo
636 1951 665 2015 is
694 1955 778 2035 erat,
808 1951 877 2035 qui,
909 1955 947 2016 ut
976 1951 1076 2018 Theo·
1089 1956 1130 2019 10

34 2039 237 2121 aphmtus,
267 2060 383 2104 nervos
414 2040 544 2104 virtutis
576 2039 743 2122 incideret,
774 2040 831 2104 sed
862 2043 986 2123 contra,
1023 2043 1078 2124 qui

68 2127 191 2210 omnia,
220 2147 305 2210 qnae
338 2127 379 2191 ad
411 2128 539 2192 beatam
570 2127 671 2192 sitam
706 2127 918 2211 pertinerent,
949 2129 984 2192 iu
1011 2149 1078 2193 una

67 2215 188 2279 virtute
225 2219 361 2298 poneret
395 2237 454 2280 uec
490 2215 665 2300 quidquam
701 2215 794 2297 aliud,
823 2220 1008 2280 numeraret
1044 2218 1078 2280 in

67 2303 162 2368 bonis
186 2302 283 2386 idque
307 2304 484 2387 appellaret
506 2304 692 2388 honestum,
719 2303 805 2387 quod
831 2307 919 2368 esset
941 2304 1076 2387 simplex

68 2390 229 2475 quoddam
259 2395 292 2455 et
320 2392 424 2456 solum
453 2395 486 2456 et
508 2412 611 2464 unum
640 2392 769 2470 bonum.
824 2389 938 2456 Cetera
971 2396 1077 2456 autem
1096 2413 1130 2460 36

35 2479 130 2544 aetei
152 2500 213 2544 nec
235 2479 321 2544 bona
342 2501 401 2544 nec
424 2477 515 2544 mala
538 2483 659 2562 essent,
683 2483 794 2544 tamen
817 2479 881 2542 alia
903 2478 1077 2543 seeundum

67 2571 218 2632 naturam
252 2567 392 2650 dicebat,
429 2569 494 2632 alia
522 2571 656 2632 naturae
689 2587 759 2632 esse
792 2566 963 2632 contraria.
1016 2565 1077 2632 His

67 2656 147 2739 ipsis
166 2655 234 2720 alie
249 2655 431 2720 interiecta
443 2660 476 2720 et
496 2655 604 2720 medie
626 2655 827 2720 numerabat.
862 2655 952 2731 Quae
970 2659 1078 2721 autem

3 2741 5 2748 ’
69 2743 244 2808 secundum
256 2747 406 2809 naturam
425 2747 540 2828 went,
559 2765 598 2808 ea
611 2744 765 2808 sumenda
779 2746 813 2808 et
830 2743 969 2826 quadam
983 2745 1077 2809 aesti-

66 2832 211 2897 matione
229 2832 392 2917 dignanda
410 2831 547 2898 docebat
565 2836 740 2915 contraque
764 2832 939 2915 contraria3
962 2836 1079 2897 neutra

35 2925 176 2985 uanam
199 2919 234 2984 in
256 2920 371 2986 mediis
394 2921 607 3004 relinquebat,
634 2921 667 2984 in
695 2920 809 3005 quibus
832 2921 975 3004 ponebat
997 2920 1078 2985 nihil

69 3009 201 3073 omnino
234 3029 304 3072 esse
340 3009 505 3074 momenti
562 3007 624 3074 Sed
655 3028 737 3091 quae
771 3011 878 3073 esseut
914 3008 1077 3090 sumenda,
1097 3029 1129 3076 37

70 3118 106 3160 ex
128 3098 169 3162 iis
191 3096 259 3160 alia
281 3097 383 3179 pluris
403 3118 473 3162 esse
496 3097 704 3177 aestimanda,
728 3097 792 3161 alia
809 3097 952 3162 minoris.
990 3095 1078 3171 Quae

69 3185 183 3269 pluria,
214 3205 255 3248 ea
286 3185 515 3268 praeposita
537 3185 747 3272 appellabat,
778 3186 926 3249 reiecta
961 3187 1078 3266 autem,

70 3295 149 3356 qnae
177 3273 321 3337 minoris.
370 3272 479 3357 Atque
506 3276 543 3337 ut
569 3273 650 3338 haec
676 3294 743 3336 ιιοιι
768 3276 837 3336 tam
861 3273 957 3336 rebus
981 3291 1077 3355 quam

36 3383 58 3424 u
71 3361 234 3427 vocabulis
263 3364 531 3445 commutaverat,
553 3361 601 3424 sic
624 3361 813 3424 interiecto
837 3359 958 3423 factum
980 3363 1077 3444 atque

57 3453 236 3532 'peccaturus
269 3448 413 3513 officium
439 3453 474 3512 et
501 3452 613 3512 contra
641 3447 783 3511 officium
805 3445 928 3509 media
949 3447 1079 3510 locabat

70 3537 240 3622 quaedam,
260 3541 349 3601 reete
371 3536 458 3600 iacta
481 3536 551 3600 sola
573 3535 607 3598 in
622 3533 719 3597 bonis
742 3533 923 3596 actionibus
946 3555 1078 3616 ponens,
