2564 3950
316 213 382 268 LIB.
401 213 449 271 III.¹
477 211 554 268 CAP.
576 220 695 269 14-16.
724 219 739 279 5
758 219 879 268 30-34.
1038 213 1102 278 369

93 376 287 460 accepimus.
322 375 396 440 Iure
415 379 524 441 autem
542 379 611 441 erat
633 396 759 459 semper
781 376 867 442 idem
890 377 1104 455 voltus,'cum

93 465 227 548 mentis,
250 487 270 528 a
287 485 351 548 qua
373 464 400 528 is
423 465 569 548 fingitur,
592 464 684 529 nulla
706 464 798 529 fieret
815 465 960 531 mutatio.
998 463 1103 540 Quare

13 585 14 596 ¹
93 552 219 636 accipio
243 550 390 636 equidem
416 573 437 616 a
455 551 641 635 Cyrenaicis
663 552 743 616 haec
766 574 857 617 arma
877 556 990 618 contra
1012 574 1103 618 casus

94 644 127 704 et
145 643 288 723 eventus,
307 639 424 724 quibus
445 661 555 704 eorum
570 639 775 705 advenientes
793 641 933 725 impetus
952 641 1104 706 diuturna

41 728 385 811 'spraemeditatioue
416 728 621 813 frangantur,
658 727 816 812 simulque
846 728 952 794 iudico
984 729 1104 794 malum

94 816 176 880 illud
200 816 359 900 opinionis
379 837 462 900 esse,
483 837 550 881 non
567 821 715 899 naturae,
739 817 768 882 si
791 817 877 882 enim
901 817 935 882 in
954 839 990 881 re
1009 820 1104 900 esset,

95 926 152 968 cur
173 905 289 970 fierent
309 907 440 988 provisa
463 904 607 969 leviora?
651 903 714 969 Sed
740 908 802 988 est,
825 905 929 970 isdem
951 906 990 970 de
1008 906 1107 970 rebus
1123 921 1156 970 32

96 992 182 1075 quod
201 991 265 1058 dici
287 992 395 1076 possit
413 992 579 1076 subtilius,
601 993 629 1056 si
647 993 736 1076 prius
755 992 888 1077 Epicuri
909 994 1105 1059 sententiam

95 1081 284 1165 viderimus,
315 1081 372 1164 qui
404 1084 513 1146 censet
544 1101 673 1146 necesse
705 1102 775 1146 esse
803 1081 908 1147 omnis
938 1082 973 1146 in
1000 1081 1105 1167 aegri-

55 1196 81 1235 10
95 1169 209 1258 tudine
228 1190 311 1252 esse,
334 1169 443 1254 quise
465 1169 501 1234 in
523 1169 619 1234 malis
638 1191 708 1234 esse
727 1170 936 1253 arbitrentur,
959 1170 1025 1235 sive
1047 1171 1105 1235 illa

13 1299 15 1316 t
96 1261 172 1322 aute
209 1257 341 1341 provisa
378 1260 412 1322 et
442 1260 609 1342 expectata
650 1258 717 1322 sint
751 1258 817 1323 sive
849 1259 1105 1324 inveteraverint.

94 1345 181 1410 Nam
204 1366 307 1430 neque
331 1349 493 1410 vetustate
516 1346 619 1410 minui
641 1347 727 1410 mala
748 1367 807 1411 nec
836 1347 906 1411 fieri
928 1347 1105 1430 praemedi-

95 1437 167 1497 tata
190 1434 324 1516 leviora,
347 1434 544 1518 stultamque
567 1435 667 1498 etiam
691 1455 761 1500 esse
788 1434 1034 1500 meditationem
1056 1435 1105 1501 fu·

95 1522 163 1585 turi
194 1521 273 1586 mali
306 1526 362 1586 aut
391 1521 530 1587 fortasse
559 1543 601 1586 ne
627 1521 729 1596 futuri
758 1522 898 1606 quidem3
926 1523 1006 1588 satis
1034 1545 1105 1588 esse

55 1637 81 1678 15
96 1609 247 1674 odiosum
261 1611 382 1674 malum
396 1631 500 1701 omne,
518 1631 591 1676 cum
608 1611 760 1693 venisset,
779 1611 834 1694 qui
853 1614 961 1675 autem
980 1633 1106 1694 semper

95 1697 307 1782 cogitavisset
339 1698 494 1764 accidere
513 1720 607 1782 posse
640 1698 763 1782 aliquid
800 1699 938 1782 adversi,
975 1700 1004 1764 ei
1035 1700 1106 1764 fieri

95 1786 178 1850 illud
201 1787 432 1870 sempiternum
452 1787 587 1870 malum,
611 1787 639 1852 si
662 1809 738 1852 vero
755 1808 796 1852 na
814 1787 958 1852 futurum
976 1787 1105 1872 quidem

96 1875 153 1957 sit,
176 1873 297 1938 frustra
320 1875 441 1958 suscipi
463 1875 629 1940 miseriam
651 1875 881 1960 voluntariam,
911 1875 958 1940 ita
980 1896 1107 1959 semper

88 1961 174 2047 angi
197 1966 253 2027 aut
276 1963 462 2046 accipiendo
484 1967 544 2028 aut
566 1963 739 2048 cogitando
763 1964 859 2029 malo.
896 1962 1106 2029 Levationem
1125 1978 1158 2029 33

56 2055 207 2118 arautem
231 2051 443 2136 aegritudinis
466 2051 501 2116 in
523 2052 647 2116 duabus
670 2052 766 2117 rebus
789 2052 896 2136 ponit,
919 2053 1106 2118 avocatione

96 2161 117 2203 3
140 2139 316 2224 cogitanda
338 2139 489 2204 molestia
508 2144 541 2205 et
559 2140 761 2206 revocatione
781 2140 1106 2225 ael-contemplandas

97 2227 292 2311 voluptates.
327 2227 444 2292 Parere
463 2228 548 2293 enim
573 2233 681 2303 censet
703 2229 847 2294 animum
868 2229 988 2293 rationi
1010 2250 1106 2313 posse

97 2320 144 2400 et,
172 2338 236 2400 quo
263 2315 322 2380 illa
349 2316 459 2400 ducat,
486 2317 585 2400 sequi.
633 2315 733 2381 Vetat
760 2317 859 2400 igitur
881 2317 965 2380 ratic
988 2317 1107 2381 intueri

97 2403 275 2488 molestias,
294 2404 457 2469 abstrahit
475 2405 515 2470 ab
535 2405 658 2470 acerbis
678 2404 940 2489 cogitationibus,
957 2404 1108 2469 hebetem

57 2515 84 2556 aa
96 2492 175 2572 facit
196 2493 298 2558 aciem
322 2492 363 2556 ad
386 2492 532 2558 miserias
552 2491 828 2576 contemplandam
852 2492 1011 2576 aquibus
1034 2513 1107 2558 cum

98 2580 216 2644 cecinit
246 2582 402 2665 receptui,
433 2581 562 2666 inpellit
593 2601 722 2647 rursum
751 2584 784 2645 et
814 2579 930 2656 incitat
963 2580 1003 2644 ad
1032 2602 1107 2645 con-

99 2667 279 2753 spiciendas
306 2673 439 2754 totaque
462 2673 569 2734 mente
593 2668 836 2734 contrectandas
866 2667 971 2732 varias
995 2669 1108 2754 volup-

98 2760 198 2835 tates,
230 2756 347 2841 quibus
379 2758 435 2822 ille
468 2762 500 2823 et
532 2759 779 2841 praeteritarum
806 2757 963 2821 memoria
991 2759 1023 2822 et
1052 2779 1107 2841 spe
1210 2827 1219 2832 ,

99 2845 363 2930 consequentium
385 2845 543 2930 sapientis
566 2847 667 2911 vitam
690 2845 843 2910 refertam
865 2848 967 2929 putat.
1018 2843 1108 2910 Haec

59 2957 86 2999 ao
98 2937 211 2998 nostro
239 2955 327 2998 more
354 2956 414 2998 nos
443 2934 594 3018 diximus,
620 2933 767 3017 Epicurii
789 2933 900 2998 dicunt
927 2955 994 2998 suo.
1044 2931 1108 2997 Sed

99 3043 181 3106 quae
204 3020 328 3106 dicant,
351 3022 529 3107 videamus,
553 3044 616 3106 quo
639 3022 747 3106 mod0,
770 3023 988 3108 neglegamus.

164 3109 329 3194 Principio
373 3111 458 3176 male
503 3110 742 3195 reprehendunt
776 3109 1108 3193 ¹praemeditationem

98 3220 206 3264 rerum
227 3199 418 3264 futurarum.
453 3196 546 3263 Nihil
566 3202 615 3263 est
633 3199 733 3282 enim,
757 3198 841 3282 quod
863 3202 933 3263 tam
952 3197 1109 3263 obtundat

99 3288 265 3371 elevetque
293 3287 529 3372 aegritudinem
556 3309 652 3371 quam
679 3290 836 3371 perpetua
863 3287 897 3351 in
924 3286 1012 3352 omni
1040 3286 1109 3351 vita

60 3400 85 3442 33
99 3375 255 3460 cogitatio
283 3375 366 3441 nihil
393 3397 476 3460 esse,
503 3375 587 3460 quod
612 3396 678 3441 non
701 3375 844 3440 accidere
866 3375 983 3459 possit,
1011 3397 1109 3459 quam

98 3463 266 3528 meditatio
294 3464 493 3530 condicionis
520 3463 693 3542 humanae,
721 3485 817 3546 quam
839 3464 924 3527 vitae
947 3463 999 3527 lex
1023 3484 1108 3528 com-

13 3563 14 3570 ’
99 3553 320 3638 mentatioque
343 3552 490 3637 parendi,
513 3573 594 3637 quae
612 3573 680 3618 uon
701 3551 762 3616 hoc
781 3549 899 3629 adfert,
921 3554 959 3615 ut
982 3572 1109 3634 semper

13 3699 16 3816 ,
150 3663 290 3706 cro.1v.1
913 3659 947 3708 24
1145 3665 1146 3668 ¹

1119 3080 1159 3206 a
