2502 3960
161 191 207 254 42
428 189 719 246 AOADEMICORUM
739 190 905 246 PRlORUM

161 356 276 420 contra
299 353 526 437 comparanda.
568 353 768 419 Adversatur
791 354 878 420 enim
900 355 1054 438 primum,
1085 355 1190 440 quod

160 464 276 544 parum
312 442 457 528 defigunt
494 442 619 508 animos
657 447 690 506 et
725 442 898 507 intendunt
883 443 968 507 tin
1005 465 1054 526 ea,
1088 465 1189 528 quae

160 531 330 684 perspicua
357 535 445 615 sunt,
473 535 522 615 ut,
557 535 678 614 quanta
709 532 781 597 luce
809 553 847 596 ιι
873 531 1068 596 circumfusa
1097 532 1189 616 sint,
1241 549 1242 552 ’

159 621 290 704 possint
322 640 512 704 agnoscere3
545 619 684 684 alterum
717 623 778 704 est,
815 618 901 772 quod
932 619 1105 685 fallacibus
1144 624 1188 684 et
1241 641 1242 644 ¹

159 708 371 793 captiosisin
372 711 517 792 terrogat
502 708 694 773 tionibus
666 708 901 792 crrcumscripti
924 711 1019 792 atque
1043 708 1218 792 deceptis

158 797 305 881 quidam,
333 819 406 861 cum
435 819 489 861 ιιι
517 796 694 861 dissolvere
721 817 788 861 non
810 800 961 881 possunt,
988 796 1186 862 desciscunt

160 909 180 949 a
200 886 346 950 veritate.
392 884 528 970 Oportet
549 884 650 970 igitir
673 889 706 949 et
729 907 780 969 ea,
806 907 887 970 quae
910 906 969 969 pro
993 887 1184 969 perspicui-

159 977 228 1039 tate
255 973 441 1058 responderi
467 977 618 1058 possunt,
645 973 857 1058 inpromptu
879 974 1011 1059 habere,
1038 973 1077 1038 de
1101 975 1182 1059 qui-

159 1063 220 1126 bus
260 1061 327 1126 iam
363 1061 517 1146 diximus,
558 1065 592 1126 et
626 1083 697 1127 esse
733 1066 888 1146 armatos,
929 1065 966 1126 ut
1003 1084 1182 1128 occurrere

159 1151 320 1235 possimus
343 1150 653 1236 interrogationibus
677 1173 789 1216 eorum
812 1150 1043 1236 captionesque
1066 1151 1182 1217 discu·
1198 1179 1228 1218 ιι

105 1253 140 1300 47
159 1243 237 1323 tere,
259 1239 344 1323 quod
367 1238 516 1323 deinceps
538 1239 645 1304 facere
668 1239 831 1305 constitui.
875 1239 1046 1324 Exponam
1068 1240 1182 1326 igitur

161 1327 339 1412 generatim
363 1331 554 1411 argumenta
576 1349 701 1411 eorum,
729 1328 882 1412 quoniam
910 1328 976 1412 ipsi
999 1329 1099 1394 etiam
1122 1330 1180 1393 illi

161 1417 266 1480 solent
283 1437 350 1480 non
373 1415 503 1480 confuse
526 1415 624 1500 loqui
661 1415 807 1481 Primum
826 1421 984 1482 conantur
1003 1417 1178 1483 ostendere

160 1505 264 1569 multa
286 1525 381 1587 posse
399 1503 501 1568 videri
520 1525 604 1583 esse,
627 1526 709 1589 quae
732 1505 863 1570 omnino
885 1506 976 1570 nulla
999 1505 1073 1590 sint,
1097 1528 1178 1571 cum

160 1593 261 1657 animi
283 1593 423 1657 inaniter
441 1597 633 1658 moveantur
651 1592 762 1658 eodem
781 1593 876 1658 modo
895 1594 991 1658 rebus
1014 1594 1064 1678 iis,
1087 1617 1222 1679 quaeis

158 1681 268 1747 nullae
292 1681 370 1764 sint,
392 1685 430 1746 ut
451 1681 506 1759 iis,
529 1703 610 1766 quae
634 1681 709 1746 sint.
753 1679 839 1746 Nam
863 1703 935 1747 cum
960 1681 1089 1767 dicatis,
1121 1683 1177 1748 in-

157 1770 288 1855 quiunt,
311 1770 382 1835 visa
404 1771 561 1855 quaedam
584 1770 673 1834 mitti
697 1793 716 1835 a
739 1770 813 1854 deo,
840 1771 930 1835 velut
952 1793 1003 1854 ea,
1031 1793 1112 1856 quae
1136 1772 1176 1836 in

159 1858 283 1924 somnis
310 1859 494 1941 videantur,
526 1879 671 1943 quaeque
699 1859 851 1944 oraculis,
886 1858 1053 1944 auspiciis,
1086 1861 1174 1924 extis

158 1947 363 2012 declarentur
395 1945 488 2030 (haec
520 1946 607 2010 enim
640 1947 732 2012 aiunt
758 1948 890 2032 probari
924 1945 1055 2032 Stoicis,
1088 1971 1173 2034 quos

159 2038 273 2100 contra
292 2031 486 2120 disputant),
509 2040 679 2119 quaerunt,
703 2057 844 2119 quonam
862 2037 972 2120 modo,
995 2036 1082 2102 falsa
1098 2038 1217 2102 vissae

159 2145 240 2208 quae
274 2123 352 2206 sint,
384 2144 422 2187 ιι
452 2122 528 2187 deus
561 2123 689 2188 efficere
719 2125 825 2209 possit
856 2125 1055 2210 probabilia,
1086 2147 1173 2210 quae

159 2215 269 2276 autem
286 2211 383 2295 plane
402 2233 559 2296 proxume
578 2212 619 2277 ad
636 2235 748 2278 verum
768 2214 935 2298 accedant,
958 2214 1083 2278 efficere
1102 2237 1174 2280 non

158 2300 279 2385 possit,
311 2303 380 2383 aut,
404 2301 432 2364 si
455 2321 494 2364 ea
515 2323 641 2386 quoque
663 2302 781 2386 possit,
810 2324 866 2366 eur
888 2302 946 2366 illa
968 2324 1034 2367 non
1055 2304 1173 2387 possit,

160 2411 242 2473 quae
260 2388 506 2474 perdifficiliter,
529 2390 791 2456 internoscantur
808 2394 924 2472 tamen,
962 2394 1006 2474 et,
1030 2391 1059 2455 si
1080 2391 1172 2476 haec,

102 2498 139 2548 ιι
159 2499 215 2542 cur
241 2499 319 2561 non,
349 2477 433 2542 inter
456 2499 537 2561 quae
560 2478 642 2543 nihil
670 2479 714 2543 sit
737 2480 889 2544 omnino·
939 2477 1071 2562 Deinde,
1095 2502 1213 2546 cumas

158 2589 249 2633 mens
281 2569 450 2630 moveatur
482 2567 554 2650 ipsa
587 2587 646 2650 per
675 2588 758 2651 sese,
787 2570 824 2632 ut
860 2572 893 2632 et
925 2590 963 2632 ea
995 2567 1170 2652 declarant,

158 2677 240 2739 quae
259 2654 458 2738 cogitatione
478 2654 696 2740 depingimus,
715 2659 747 2719 et
765 2676 818 2740 ea,
837 2677 918 2740 quae
936 2656 988 2720 ιιι
1007 2656 1169 2722 dormien-

157 2743 246 2807 tibus
270 2743 323 2807 vel
346 2742 479 2807 furiosis
502 2743 651 2808 videntur
672 2765 737 2808 non
759 2765 949 2828 numquam,
971 2745 1040 2809 veri
1063 2746 1169 2811 simile

158 2835 208 2896 est
239 2831 286 2896 sic
318 2831 416 2895 etiam
449 2835 591 2897 mentem
623 2832 765 2917 moveri,
800 2837 837 2897 ut
872 2855 939 2898 non
975 2832 1071 2899 modo
1103 2858 1169 2900 non

157 2920 368 3003 internoscat,
396 2942 473 2985 ιιιι
499 2921 558 2986 illa
580 2921 652 2985 visa
675 2922 741 2986 sint
764 2943 847 2987 anne
870 2922 968 3005 falsa,
996 2922 1052 2986 scd
1074 2927 1112 2987 ut
1134 2923 1169 2988 in
1183 2949 1211 2989 so

156 3009 198 3073 iis
228 3008 312 3073 nihil
343 3009 473 3073 intersit
509 3010 661 3087 omnin03
700 3014 737 3074 ut
774 3010 802 3074 si
840 3010 895 3095 qui
926 3013 1101 3077 tremerent
1138 3017 1171 3077 et

156 3097 394 3162 exalbescerent
423 3098 473 3162 vel
499 3099 563 3183 ipsi
593 3120 651 3182 per
674 3121 707 3163 ιι
730 3101 821 3164 motu
845 3099 962 3164 mentis
986 3100 1094 3184 aliquo
1118 3101 1171 3165 vel

158 3186 288 3251 obiecta
319 3185 460 3251 terribili
493 3209 526 3251 re
559 3187 769 3269 extrinsecus,
800 3185 883 3251 nihil
915 3191 952 3252 ut
984 3192 1081 3268 esset,
1115 3190 1171 3291 qui

156 3275 222 3339 dist
208 3275 457 3359 tinguereturt
458 3297 563 3339 remor
589 3274 643 3338 ille
672 3279 704 3340 et
731 3275 848 3359 pallor,
880 3297 983 3360 neque
1014 3279 1052 3340 ut
1082 3279 1171 3361 quic-

124 3444 127 3449 ,
155 3385 255 3448 quam
273 3364 443 3428 interesset
457 3363 542 3427 inter
555 3362 743 3428 intestinum
759 3367 791 3428 e
777 3362 894 3428 ttobla
880 3368 958 3428 t.um
989 3363 1069 3430 Post
1055 3367 1170 3451 tremo,
1184 3393 1209 3434 ιι

155 3452 186 3514 ιι
216 3450 307 3515 nulla
338 3451 409 3515 visa
437 3454 514 3515 sunt
542 3452 739 3536 probabilia,
771 3472 853 3536 quae
879 3451 963 3518 falsa
993 3453 1072 3537 sint,
1105 3455 1172 3520 alia

156 3538 241 3603 ratio
268 3541 329 3623 est3
358 3539 409 3604 sin
437 3561 478 3604 au
479 3543 546 3604 tem
573 3543 662 3625 sunt,
690 3561 746 3604 cur
768 3561 835 3606 non
858 3541 969 3626 etiam,
999 3563 1080 3626 quae
1103 3565 1172 3610 non
