2564 3950
29 263 31 268 .
153 216 217 279 248
314 217 363 270 DE
381 217 526 272 FINIBUS
545 217 726 274 BONORUM
743 219 791 276 ET
809 218 991 276 umorum

152 380 231 444 item
249 380 284 444 in
300 380 464 444 nobismet
480 380 571 463 ipsis,
589 401 685 463 quern
703 381 744 445 ad
767 381 898 446 modurn
925 382 1031 447 affecti
1049 383 1163 467 simus,

151 467 233 532 nihil
255 471 367 532 nostra
391 467 621 532 arbitrabimur
642 468 807 534 interesse.
1273 537 1274 548 ,

101 558 141 621 11
218 554 326 640 Atque
345 555 443 620 etiam
460 555 542 620 illud
560 555 588 619 si
611 556 666 640 qui
687 556 791 621 dicere
810 554 903 638 velit,
925 558 1161 640 perabsurdum

153 644 210 726 sit,
233 643 281 709 ita
304 642 395 728 diligi
419 665 439 708 a
461 664 530 706 sese
553 665 724 728 quemque,
748 647 784 708 ut
807 665 845 708 ea
867 645 917 708 vis
940 645 1096 729 diligendi
1119 647 1161 710 ad

153 731 250 800 aliern
273 753 342 794 rem
371 732 556 815 quampiam
583 731 754 814 referatur,
781 752 848 797 non
875 731 916 797 ad
939 753 1012 797 eum
1043 733 1189 817 ipsum,.¹›
1273 773 1274 818 p

153 819 207 904 qui
226 840 296 884 sese
314 818 439 903 diligat.
475 817 545 884 Hoc
564 839 637 884 cum
654 819 689 885 in
708 819 868 901 amicitiis,
887 841 960 884 cum
979 821 1014 884 in
1032 821 1160 905 officiis,

153 930 226 972 cum
257 907 291 972 in
321 907 495 972 virtutibus
528 907 661 986 dicitur,
685 911 928 990 quoquomodo
954 908 1083 986 dieitur,
1112 909 1159 973 in-

151 995 263 1080 tellegi
285 999 409 1078 tamen,
431 993 508 1078 quid
531 993 668 1077 dicatur,
690 999 814 1079 potest3
836 1001 871 1060 in
893 995 1056 1060 nobismet
1078 996 1160 1080 ipsis

152 1086 260 1150 autem
277 1103 316 1162 ue
333 1080 480 1166 intellegi
498 1082 636 1167 quidem,
653 1087 690 1146 ut
706 1086 839 1166 propter
857 1082 954 1148 aliam
972 1083 1159 1168 quampiam
1273 1113 1274 1168 3

151 1193 234 1252 rem,
261 1169 352 1233 verbi
379 1170 487 1252 gratia
512 1173 646 1253 propter
672 1171 884 1254 voluptatem,
913 1193 973 1236 nos
1001 1193 1203 1256 amemus31c
1273 1181 1274 1220 ³

151 1260 284 1340 propter
314 1278 373 1322 nos
406 1257 492 1322 enim
523 1256 629 1342 illam,
667 1279 733 1323 non
764 1263 896 1342 propter
927 1279 998 1322 eam
1030 1263 1161 1324 nosmet
1273 1287 1274 1290 ¹

99 1363 133 1412 31
152 1344 241 1428 ipsos
274 1343 447 1428 diligimus.
503 1344 705 1429 Quamquam
736 1346 812 1430 quid
844 1349 906 1429 est,
929 1347 1023 1434 ⁸quod
1054 1347 1160 1431 magis
1273 1349 1274 1402 l

152 1433 358 1516 perspicuum
382 1433 437 1516 sit,
459 1452 554 1516 quum
576 1455 641 1498 non
659 1434 753 1498 modo
775 1455 884 1498 carum
907 1434 970 1498 sibi
993 1455 1161 1518 quemque,

39 1567 41 1572 -
151 1520 386 1594 verumetiam
414 1520 619 1586 vehementer
646 1543 756 1586 carum
783 1521 874 1586 esse?
904 1521 976 1604 quis
999 1525 1050 1585 est
1072 1523 1160 1586 enim

152 1612 210 1673 aut
232 1609 517 1693 quotusquisque,
541 1609 606 1691 cui,
629 1630 715 1673 mors
734 1630 807 1673 cum
826 1609 1070 1693 appropinquet,
1092 1631 1160 1674 non
1175 1636 1201 1678 ra
1273 1671 1274 1674 ,

219 1740 418 1824 .refugiat
440 1737 578 1804 timido
602 1762 774 1826 sanguen
797 1713 911 1824 atque
936 1740 1160 1892 erpaqbesca‘t

212 1841 214 1848 '
899 1851 956 1893 me
982 1851 1003 1891 u
1273 1837 1274 1856 ¹

151 1961 224 2026 Etsi
251 1960 314 2024 hoc
341 1960 470 2044 quidem
494 1963 543 2024 est
572 1961 608 2025 in
630 1960 708 2026 vitio
714 2010 723 2043 ,
751 1959 996 2026 dissolutionem
1022 1963 1159 2024 naturae

151 2053 220 2112 tam
243 2048 334 2111 valde
357 2046 599 2130 perhorrescere
622 2045 722 2132 (quod
749 2049 829 2112 item
852 2051 902 2111 est
924 2047 1158 2131 reprehenden-
1273 2059 1274 2072 ²

152 2135 228 2198 dum
256 2135 290 2198 iu
312 2133 451 2219 dolore),
478 2134 534 2198 sed
561 2135 637 2218 quia
663 2135 731 2200 fere
759 2137 805 2199 sic
833 2135 1015 2200 afficiuntur
1038 2155 1159 2218 umnec,
1174 2168 1202 2206 ro

153 2223 232 2286 satis
265 2223 450 2306 argumenti
482 2225 531 2285 est
560 2223 601 2286 ab
630 2223 764 2287 interitu
790 2226 941 2288 naturam
970 2222 1158 2306 abhorrere3

152 2310 247 2393 idque
280 2331 343 2393 quo
370 2309 475 2393 magis
503 2309 633 2394 quidam
659 2311 706 2375 ita
732 2309 868 2392 faciunt,
896 2314 933 2373 ut
961 2311 1029 2374 iure
1058 2311 1158 2374 etiam

151 2396 440 2482 reprehendantur,
472 2397 535 2463 hoc
572 2398 678 2482 magis
711 2397 961 2482 intellegendum
994 2400 1043 2462 est
1077 2398 1159 2462 haec

152 2487 223 2569 ipsa
239 2486 341 2552 nimia
363 2485 397 2550 in
420 2485 613 2570 quibusdam
635 2485 744 2551 futura
761 2507 826 2550 nou
844 2485 959 2566 fuisse,
980 2485 1044 2549 nisi
1062 2507 1157 2568 quae·

153 2574 227 2654 dam
260 2577 367 2638 essent
399 2573 526 2638 modica
556 2580 681 2639 natura.
734 2572 803 2639 Nec
833 2594 908 2638 vero
943 2573 1013 2637 dico
1046 2594 1158 2638 eorum
1173 2605 1201 2644 aa

152 2665 274 2724 metum
296 2661 423 2742 mortis,
448 2661 518 2745 qui,
548 2662 623 2744 quia
644 2661 765 2744 privari
789 2681 823 2724 se
846 2660 932 2724 vitae
954 2661 1049 2724 bonis
1073 2653 1159 2724 arbi·
1273 2663 1274 2738 ξ

152 2750 290 2830 trentur,
320 2750 377 2812 aut
405 2749 481 2830 quia
507 2749 662 2832 quasdam
695 2752 771 2832 post
801 2751 939 2813 mortem
970 2747 1158 2828 formidines

153 2835 377 2918 extimescant,
396 2838 453 2899 aut
470 2837 545 2916 qaia
563 2840 723 2918 metuant,
741 2857 781 2900 nc
799 2856 872 2900 cum
890 2835 1000 2900 dolore
1018 2835 1158 2900 morian·
1273 2859 1274 2920 j

152 2927 219 3006 tur,
251 2922 368 2987 idcirco
401 2925 539 2987 mortem
566 2923 708 3008 fugiaut3
738 2924 773 2987 in
799 2924 908 3007 parvis
938 2922 1023 2988 enim
1053 2945 1158 3007 saepe,
1273 2927 1274 2930 ’

153 3011 208 3096 qui
229 3009 311 3074 nihil
334 3031 445 3074 eorum
468 3011 628 3094 cogitant,
655 3011 684 3075 si
712 3011 842 3096 quando
864 3011 904 3075 iis
929 3010 1076 3075 ludentes
1100 3012 1157 3074 mi·
1172 3042 1200 3082 a)

151 3121 267 3163 namur
297 3097 563 3181 praecipitaturos
601 3099 759 3182 alicunde,
796 3099 1016 3164 extimescunt.
1069 3097 1159 3174 ‘Quin

152 3187 250 3252 etiam
274 3184 427 3268 ‘ferae',
449 3185 554 3269 inquit
576 3185 747 3269 Pacuvius,

219 3314 356 3398 quibus
376 3316 489 3380 abest
507 3315 553 3380 ad
575 3318 880 3400 praecavendum
902 3316 1157 3470 itqqellegendi
1273 3359 1274 3424 ἐ

861 3425 902 3470 as
972 3427 1025 3490 ra,

98 3550 132 3598 aa
152 3531 270 3597 iniecto
292 3538 413 3602 terrore
437 3535 551 3601 mortis
575 3533 843 3600 horrescunt.
887 3535 965 3610 Quis
990 3539 1097 3601 autem
1120 3536 1199 3610 desa
1273 3557 1274 3628 }
