2568 3948
137 194 204 257 210
303 194 351 248 ΒΕ
370 193 515 248 FINIBUS
532 191 712 248 BONORUM
729 193 777 247 ΕΤ
795 191 977 248 MALORUM

138 355 193 420 sed
216 356 320 441 magis
333 355 546 507 tsumendam3
574 377 709 439 cumque
736 355 807 437 ipsa
829 354 893 418 virt
894 376 931 418 us
879 353 1077 418 tefficiat
1099 355 1149 418 ita

137 445 213 508 beat
214 465 267 508 am
298 444 347 507 vit
349 465 467 526 am,u
446 445 484 506 ut
519 444 646 507 beatior
682 463 751 507 esre
784 463 850 506 non
882 435 999 592 pos'sit,
1035 446 1147 506 tamen

137 531 293 682 quaedam
312 532 422 595 deesse
441 530 568 613 sapient
554 532 641 594 tibus
659 531 743 612 tum,
766 551 838 594 cum
862 531 929 593 sint
949 529 1145 614 beatissimi3

137 619 253 702 itaque.
269 639 323 683 eos
347 619 381 682 id
404 638 512 702 agere,
534 621 572 682 ut
594 641 614 682 a
637 639 670 682 se
693 618 834 701 dolores,
857 616 1003 700 morbos,
1030 617 1145 681 debili-

136 709 220 770 tates
243 706 410 790 repellant
1159 728 1175 769 a
1276 745 1277 780 ,

83 764 116 887 ,91
203 792 230 858 0
266 815 418 878 magnam
450 793 515 857 vim
546 792 667 876 ingenii
699 813 892 876 causamque
923 793 1057 874 iustam,
1090 813 1147 856 our

136 902 220 945 nova
247 883 415 946 exsisteret
442 879 627 963 disciplina!
673 878 775 964 Perge
802 901 909 963 porro.
962 877 1148 980 Sequuntur

137 969 224 1032 enim
247 990 298 1051 ea,
321 990 403 1052 quae
421 971 458 1032 tu
482 967 695 1032 scientissime
719 968 905 1050 complexus
929 989 977 1046 es,
1000 967 1146 1032 omnium

136 1056 367 1140 insipientiam,
385 1055 589 1138 iniustitiam,
607 1055 672 1120 alia
689 1056 770 1120 vitia
787 1055 908 1120 similia
927 1075 1006 1137 esse,
1025 1055 1146 1120 omnia·

136 1165 197 1227 que
224 1147 358 1228 peccata
380 1165 450 1208 esse
477 1144 584 1227 paria,
612 1164 744 1227 eosque,
769 1144 825 1226 qui
845 1146 964 1208 natura
986 1143 1145 1208 doctrina·
1161 1169 1189 1208 ιο

136 1253 196 1314 qne
224 1231 320 1315 longe
349 1231 390 1295 ad
417 1230 570 1295 virtutem
592 1232 839 1316 processissent,
865 1231 930 1297 nisi
953 1251 1024 1295 earn
1048 1231 1145 1314 plane

136 1320 298 1383 consecuti
330 1322 450 1402 essent,
482 1340 606 1382 summe
639 1340 709 1384 esse
741 1319 892 1402 miseros,
923 1339 1027 1401 neque
1059 1318 1146 1382 inter

136 1427 246 1470 eorum
273 1406 376 1471 vitam
404 1411 436 1472 et
462 1405 778 1490 improbissimorum
810 1407 981 1490 quicquam
1012 1405 1144 1470 omnino

135 1494 304 1577 interesse,
336 1497 373 1558 ut
400 1495 508 1577 Plato,
538 1497 648 1559 tantus
681 1494 735 1559 ille
766 1495 829 1578 vir,
862 1495 890 1558 si
923 1494 1050 1577 sapiens
1078 1516 1146 1558 non

134 1581 247 1665 fuerit,
273 1581 377 1646 nihilo
404 1582 519 1646 melius
548 1604 645 1665 quam
668 1583 772 1666 quivis
800 1581 1060 1666 improbissimus
1083 1603 1145 1649 nec
1160 1607 1187 1647 15

134 1667 260 1734 b'eatius
293 1669 420 1734 vixerit:
469 1668 559 1734 Haec
590 1670 742 1735 videlicet
774 1674 823 1734 est
856 1669 1012 1735 correctio
1039 1669 1146 1752 philo·
1278 1667 1279 1684 t

135 1757 270 1841 sophiae
302 1758 433 1822 veteris.
453 1761 485 1822 et
516 1757 713 1841 emendatio,
745 1779 827 1841 quae
859 1758 988 1823 omnino
1021 1757 1145 1822 aditum

134 1846 259 1909 nullum
281 1845 400 1910 habere
423 1849 533 1928 potest
555 1845 589 1909 in
612 1846 740 1929 urbem,
761 1846 797 1909 in
814 1845 936 1929 forum,
958 1845 994 1909 in
1012 1845 1145 1909 curiam.

135 1932 215 2008 Quis
244 1933 330 1997 enim
357 1932 445 2004 ferre,
467 1936 577 2017 posset
609 1933 657 1996 ita
687 1933 875 2017 loquentem
906 1954 993 2016 eum,
1025 1933 1080 2016 qui
1111 1955 1146 1998 se

135 2025 299 2085 auctorem
331 2020 418 2085 vitae
451 2020 593 2104 maniter
629 2024 661 2084 et
697 2020 861 2103 sapienter
895 2022 1037 2105 agendae
1070 2042 1143 2103 pro·
1159 2046 1187 2087 ao

134 2109 292 2190 fiteretur,
320 2107 452 2172 nomina
473 2128 582 2171 rerum
605 2112 872 2186 commutantem,
900 2128 1035 2192 cumque
1058 2108 1145 2172 idem

135 2195 271 2258 sentiret
297 2194 387 2277 quod
410 2216 536 2278 omnes,
563 2195 679 2278 quibus
706 2197 802 2261 rebus
832 2196 966 2260 eandem
992 2196 1059 2259 vim
1087 2198 1146 2260 tri-

135 2284 259 2364 bueret,
283 2282 348 2346 alia
369 2282 504 2346 nomina
525 2282 758 2367 imponentem,
780 2285 881 2348 verba
903 2283 999 2349 modo
1018 2286 1145 2349 mutan-

82 2383 115 2430 aa
134 2373 215 2453 tem,
242 2370 281 2434 de
309 2370 514 2453 opinionibus
542 2370 625 2435 nihil
651 2371 895 2436 detrahentem?
940 2369 1145 2436 Patronusne

135 2480 250 2522 causae
272 2457 307 2521 in
329 2457 458 2543 epilogo
482 2480 541 2542 pro
564 2480 618 2522 reo
643 2459 751 2523 dicens
771 2463 906 2543 negaret
929 2480 998 2523 esse
1022 2461 1144 2524 malum
1159 2484 1186 2526 aa

135 2545 292 2628 exsilium,
311 2545 563 2628 publicationem
581 2546 763 2611 bonorum?
785 2546 865 2612 haee
882 2546 1042 2611 reicienda
1064 2569 1145 2630 esse,

134 2655 201 2698 non
214 2632 390 2718 fugienda?
404 2654 464 2698 nec
478 2634 719 2699 misericordem
733 2634 870 2699 iudicem
885 2656 955 2700 esse
969 2635 1145 2718 oportere?

134 2720 173 2785 In
188 2721 338 2786 contione
353 2724 460 2786 autem
480 2722 508 2786 si
526 2721 721 2804 loqueretur,
740 2723 768 2786 si
786 2722 953 2787 Hannibal
971 2723 1012 2786 ad
1030 2726 1144 2806 portas

135 2808 278 2872 venisset
300 2830 489 2892 murumque
512 2809 617 2874 iacrdo
641 2810 834 2894 traiecisset,
860 2812 996 2894 negaret
1017 2831 1086 2874 esse
1109 2810 1146 2875 in

134 2896 229 2961 malis
257 2896 343 2979 oapi,
370 2897 493 2980 venire,
521 2896 671 2980 interfici,
697 2898 838 2980 patriam
865 2896 1037 2962 amittere?
1091 2897 1146 2962 An
1159 2923 1187 2964 eo

135 2987 279 3066 renatae,
310 3005 383 3048 cum
405 2983 607 3068 triumphum
630 2983 785 3050 Africano
808 2985 1004 3069 decerneret,
1028 2983 1146 3068 ‘quod

134 3072 215 3136 eius
254 3071 417 3137 virtute’
454 3074 512 3137 aut
548 3071 775 3137 ‘felicitate'
812 3076 923 3155 posset
959 3072 1080 3157 dicere,
1117 3074 1146 3138 si

134 3180 237 3242 neque
260 3160 364 3224 virtus
383 3160 418 3224 in
436 3160 502 3225 ullo
521 3159 585 3222 nisi
604 3159 638 3223 in
662 3160 807 3244 sapiente
824 3181 883 3226 nec
906 3159 1046 3227 felicitas
1069 3182 1146 3226 vere

134 3247 198 3312 dici
220 3248 351 3331 potest?
402 3247 490 3324 Quae
518 3250 571 3311 est
594 3246 696 3332 igitur
722 3247 787 3313 ista
814 3247 1038 3332 philosophia,
1062 3270 1146 3333 quae

135 3337 296 3400 communi
319 3355 407 3401 more
430 3335 465 3400 in
487 3335 559 3400 foro
578 3335 734 3419 loquitur,
757 3335 792 3400 in
810 3336 929 3400 libellis
949 3336 1030 3402 suo?
1051 3359 1145 3420 prae·
1160 3362 1187 3403 os

134 3424 248 3488 sertim
281 3444 366 3506 cum,
398 3421 484 3506 quod
511 3423 561 3487 illi
589 3423 654 3488 suis
683 3423 790 3489 verbis
819 3423 1017 3509 significent,
1044 3425 1079 3488 in
1107 3447 1146 3490 eo

80 3531 114 3579 23
133 3510 216 3576 nihil
238 3514 389 3589 novetur,
413 3511 543 3575 eaedem
565 3532 617 3574 res
641 3515 794 3576 maneant
816 3512 880 3576 alio
903 3512 1008 3576 modo.
1062 3512 1146 3589 Quid
1250 3549 1253 3554 ·
