2544 3952
178 268 245 332 434
374 268 670 325 ruscunsunnuu
690 253 991 324 msrursrronun

177 431 326 514 sentiret3
345 453 441 515 quam
459 431 550 514 bene,
568 453 635 496 non
654 432 828 515 quaeritur,
850 435 1036 496 constanter
1054 433 1191 517 quidem

177 523 272 584 certe.
325 518 441 604 Itaque
473 519 553 584 mihi
585 521 710 602 placere
742 541 808 584 non
840 520 925 585 solet
956 523 1191 604 consequentia

177 607 423 692 reprehendere,
445 630 517 672 cum
583 608 645 672 'ma
668 609 870 674 concesseris.
907 607 970 672 Hic
991 611 1099 674 autem
1124 610 1189 674 ele-

177 697 387 782 gantissimus
415 630 591 760 omniuffl
588 696 856 780 philosophorum
884 700 917 760 et
947 696 1189 762 eruditissimus

176 807 243 849 non
266 805 463 870 magnopere
490 784 747 868 reprehenditur,
774 807 845 848 oum
873 785 937 848 tria
967 806 1084 870 genera
1108 786 1214 853 dicits

177 873 351 956 bonorum,
375 876 511 937 vexatur
539 875 647 936 autem
675 873 716 936 ab
745 873 892 937 omnibus
919 873 1059 956 primum
1089 874 1125 938 in
1149 897 1188 939 eo

176 961 273 1046 libro,
297 983 391 1045 quem
416 961 545 1045 scripsit
568 961 606 1025 de
629 961 697 1025 vita
719 960 828 1044 beata,
851 961 886 1025 in
909 982 972 1044 qno
995 962 1100 1026 multa
1122 962 1189 1026 dis·

177 1053 285 1133 putat,
308 1071 404 1133 quam
430 1049 471 1114 ob
497 1071 564 1112 rem
589 1049 631 1134 is,
650 1049 704 1132 qui
722 1052 924 1133 torqueatur,
943 1049 999 1134 qui
1017 1051 1190 1134 crucietur,

64 1199 68 1210 ,
177 1138 289 1202 beatus
317 1159 388 1202 esse
414 1159 480 1202 non
507 1138 621 1220 possit.
653 1135 704 1202 .In
732 1159 770 1202 eo
795 1137 892 1202 etiam
923 1141 1057 1220 putatur
1081 1138 1189 1203 dicere

177 1226 211 1289 in
234 1229 340 1291 rotam
365 1226 412 1306 [id
431 1228 482 1290 est
500 1245 601 1309 genus
625 1225 786 1312 quoddam
811 1223 971 1290 tormenti
986 1227 1070 1310 apud
1090 1226 1229 1294 Grae-10

177 1315 245 1394 eos]
273 1314 403 1377 beatam
431 1314 533 1378 vitam
559 1335 625 1378 non
652 1314 831 1380 escendere.
882 1313 957 1380 Non
984 1337 1122 1398 usquam
1154 1316 1189 1380 id
1256 1317 1264 1334 ⁴

177 1402 305 1485 quidem
333 1401 413 1466 dicit
439 1402 584 1484 omnino,
613 1401 683 1486 sed,
715 1424 796 1487 quae
829 1401 918 1483 dicit,
950 1403 1036 1467 idem
1066 1403 1188 1470 valent.

124 1511 157 1559 as
176 1489 313 1555 Possum
336 1490 449 1575 igitur,
473 1491 524 1556 oui
547 1492 759 1556 concesserim
786 1491 821 1554 in
842 1490 937 1556 malis
961 1512 1030 1555 esse
1056 1491 1189 1557 dolores

177 1579 333 1662 eorporis,
355 1579 390 1642 in
407 1579 502 1664 malis
521 1579 691 1664 naufragia
713 1579 877 1663 fortunae,
899 1579 975 1645 huic
999 1601 1189 1646 suscensere

177 1667 295 1730 dicenti
321 1687 388 1730 non
415 1667 520 1732 omnis
548 1667 650 1731 bonos
674 1687 744 1732 esse
766 1667 893 1752 beatos,
921 1689 994 1732 oum
1021 1669 1056 1734 in
1079 1670 1187 1734 omnis
1203 1697 1228 1737 15
1259 1723 1264 1742 .

176 1755 280 1820 bonos
299 1776 352 1837 ea,
375 1776 457 1838 quae
479 1755 534 1819 ille
553 1755 588 1819 in
606 1754 703 1819 malis
721 1759 882 1839 numerat,
905 1754 1018 1820 cadere
1036 1757 1188 1840 possint?

176 1840 320 1908 Vexatur
338 1842 423 1907 idem
437 1841 679 1927 Theophrastus
694 1846 727 1907 et
743 1843 836 1907 libris
851 1848 884 1908 et
902 1843 1022 1909 scholis
1040 1845 1188 1910 omnium
1263 1893 1264 1900 κ

176 1930 457 2015 philosophorum,
480 1931 565 2016 quod
584 1931 619 1996 in
637 1929 838 1997 Callisthene
857 1954 915 1997 suo
934 1932 1073 1998 laudarit
1094 1933 1188 1998 illam

177 2021 385 2084 sententiam:

242 2141 372 2207 Vitam
395 2143 496 2227 regit
517 2143 689 2227 fortuna,
712 2164 787 2209 non
809 2143 1012 2227 sapientia
1174 2239 1175 2242 Ἴ
1202 2173 1227 2212 so
1261 2211 1263 2224 ⁴

175 2281 307 2368 Negant
342 2284 383 2348 ab
415 2283 483 2348 ullo
519 2283 716 2368 philosopho
753 2283 924 2369 quicquam
960 2284 1081 2350 dietum
1114 2307 1185 2350 esse

176 2371 371 2455 languidius.
415 2371 516 2437 Recte
538 2373 571 2437 id
594 2373 737 2456 quidem,
759 2373 813 2437 sed
836 2371 921 2437 nihil
941 2373 1096 2458 intellego
1121 2373 1185 2438 dici

175 2461 320 2544 potuisse
352 2460 561 2530 constantius.
615 2459 650 2526 si
682 2462 767 2526 enim
799 2463 850 2546 tot
882 2464 957 2526 sunt
988 2461 1022 2526 in
1052 2482 1184 2545 corpore
1261 2483 1262 2492 ¹

153 2548 273 2632 ¹bona,
303 2553 354 2614 tot
377 2553 469 2614 extra
491 2570 605 2632 corpus
628 2549 663 2612 in
685 2571 762 2613 casu
785 2553 880 2632 atque
906 2549 1050 2632 fortuna,
1076 2570 1184 2614 nonne

176 2641 426 2702 consentaneum
449 2640 499 2701 est
520 2637 594 2721 plus
617 2637 793 2720 fortunam,
820 2659 900 2722 quae
924 2637 1055 2702 domina
1077 2659 1183 2704 rerum
1199 2665 1226 2706 25

176 2726 220 2790 sit
247 2729 279 2789 et
306 2730 509 2792 externarum
537 2730 570 2792 et
600 2725 640 2790 ad
670 2747 785 2809 eorpus
812 2725 1056 2809 pertinentium,
1083 2747 1184 2809 quam
1260 2753 1261 2758 ¹

123 2827 156 2875 26
176 2814 345 2879 eonsilium
371 2813 500 2880 valere?
553 2814 607 2879 An
639 2813 799 2886 malumus
830 2811 1007 2897 Epicurum
1039 2813 1184 2880 imitari?

177 2902 232 2985 qui
255 2900 359 2966 multa
380 2903 543 2985 praeclare
567 2925 662 2986 saepe
686 2901 776 2987 dioit3
800 2922 897 2985 quam
915 2902 1001 2966 enim
1025 2902 1088 2966 sibi
1111 2923 1183 2967 con-

176 2993 299 3056 stanter
328 2991 616 3076 convenienterque
644 2991 742 3074 dicat,
773 3011 838 3055 non
870 2989 1006 3055 laborat.
1057 2987 1184 3056 Laudat
1259 2991 1260 3041 l

175 3083 304 3144 tenuem
322 3079 454 3144 victum.
490 3077 680 3163 Philosophi
698 3078 732 3142 id
750 3078 893 3164 quidem,
914 3078 969 3142 sed
988 3078 1016 3142 si
1035 3075 1182 3144 Socrates
1196 3105 1225 3146 so
1258 3147 1259 3152 ,

176 3172 233 3234 aut
260 3166 471 3233 Antisthenes
499 3167 631 3251 diceret,
659 3188 724 3232 non
750 3167 792 3246 is,
820 3166 876 3251 qui
902 3167 999 3232 finem
1025 3166 1183 3232 honorum

175 3257 377 3340 voluptatem
405 3277 475 3321 esse
506 3255 629 3321 dixerit,
682 3254 791 3340 Negat
823 3275 1016 3341 quemquam
1047 3254 1182 3322 iucunde
1258 3265 1259 3313 i

174 3367 268 3428 posse
300 3345 422 3429 rivere,
454 3344 518 3410 nisi
550 3345 634 3410 idem
667 3344 815 3428 honeste,
843 3345 1007 3428 sapienter
1037 3344 1182 3428 iusteque

176 3434 271 3498 vivat.
320 3433 414 3499 Nihil
441 3433 586 3518 gravius,
613 3431 695 3496 nihil
722 3432 930 3517 philosophia
957 3432 1098 3517 dignius,
1120 3432 1181 3496 nisi

175 3520 259 3584 idem
282 3520 344 3586 hoo
367 3522 475 3604 ipsum
499 3520 664 3603 honeste,
687 3519 862 3605 sapienter,
884 3519 986 3586 iuste'
1010 3520 1050 3585 ad
1073 3520 1179 3604 volup·
1193 3545 1221 3588 ss
1257 3539 1258 3542 ’

174 3611 274 3672 tatem
297 3608 440 3674 referret.
486 3607 569 3684 Quid
591 3607 705 3673 melius
724 3629 824 3694 ⁸quam
849 3609 1012 3674 fortunam
1036 3609 1180 3694 exiguom

588 3745 628 3788 ἱί

593 3786 614 3894 q
