2568 3948
368 204 489 262 Lrssmv
518 203 668 260 CAR-2
677 213 701 260 4.
734 155 872 270 §a-ri.
1059 207 1124 272 239

116 362 180 428 Sed
198 385 248 447 ne,
266 365 342 428 dum
360 365 436 430 huie
456 366 623 450 obsequor,
641 367 735 430 vobis
754 366 953 432 molestus
928 390 998 432 srm.
1033 368 1124 453 Mihi,

114 452 263 534 inquam,
290 453 346 536 qui
374 456 407 519 te
435 453 503 517 id
494 475 601 536 rpsum
627 453 762 538 rogavi?
806 453 902 539 Tum,
930 455 1067 531 Quintus
1092 420 1125 522 et

114 539 313 622 Pomponius
337 562 410 605 cum
432 540 519 605 idem
539 562 573 604 se
591 540 674 605 velle
697 541 868 624 dixissent,
890 542 966 606 Piso
990 563 1122 608 exorsus

116 629 174 690 est.
151 623 329 692 tOuius
363 629 468 692 oratio
501 629 643 711 attende,
679 650 814 713 quaeso,
849 592 964 713 lirute,
1001 631 1123 695 satisne

86 713 264 779 svideatur
295 714 449 781 Antiochi
481 716 647 816 epmplexa
683 737 752 780 esse
784 717 990 800 sententiam,
1026 740 1123 801 quam

115 801 193 883 tibi,
225 802 281 885 qui
311 802 447 867 fratrem
481 803 548 866 eius
581 803 727 868 Aristum
760 803 943 887 frequenter
976 805 1123 887 audieris

115 889 256 954 maxime
278 891 452 973 probatam
475 890 632 956 existimo.
1140 943 1163 1003 4

184 974 237 1041 Sic
264 981 314 1040 est
339 979 441 1061 igitur
467 978 607 1044 locutus:
638 977 786 1054 Quantus
814 982 948 1044 ornatus
974 981 1010 1044 in
1037 980 1157 1064 Peri-9

115 1064 331 1148 pateticorum
354 1065 526 1148 disciplina
549 1066 605 1147 sit,
633 1066 713 1130 satis
736 1068 787 1130 est
810 1088 828 1129 a
851 1089 915 1149 me,
942 1071 978 1131 ut
1000 1068 1121 1132 brevis·

71 1178 100 1218 ιο
116 1152 197 1216 sime
220 1153 339 1235 potuit,
364 1153 461 1236 paulo
485 1156 560 1217 ante
584 1152 713 1217 dictum.
759 1150 821 1218 Sed
848 1159 899 1218 est
924 1154 1030 1220 forma
1053 1155 1121 1220 eius

114 1239 318 1324 disciplinae,
346 1241 430 1304 sieut
456 1239 524 1304 fere
556 1243 748 1324 ceterarum,
779 1241 913 1324 triplex:
948 1263 1014 1307 una
1044 1264 1121 1325 pars

115 1330 166 1392 est
186 1331 335 1410 naturae,
358 1328 535 1392 disserendi
559 1328 673 1412 altera,
695 1327 824 1393 vivendi
846 1329 952 1393 tertia.
994 1328 1122 1395 Natura

114 1413 161 1478 sic
185 1415 226 1478 ab
254 1414 295 1480 iis
319 1415 514 1499 investigata
542 1419 605 1498 est,
632 1415 781 1480 utnulla
803 1438 879 1499 pars
904 1417 1007 1500 caelo,
1030 1419 1121 1499 mari,

113 1506 216 1585 terra,
238 1505 275 1566 ut
296 1503 420 1586 po'e'tice
439 1504 565 1586 loquar,
587 1503 816 1586 praetermissa
834 1503 890 1585 sit3
914 1504 992 1587 quin
1015 1505 1121 1587 etiam,

5 1647 7 1652 ,
70 1616 99 1655 15
114 1612 188 1655 cum
216 1590 256 1654 de
282 1612 390 1654 rerum
417 1589 518 1655 initiis
548 1591 699 1674 omnique
725 1590 843 1655 mundo
873 1591 974 1657 locuti
1005 1595 1122 1673 essent,

114 1681 151 1741 ut
185 1678 288 1741 multa
301 1681 304 1686 '
317 1700 384 1742 non
418 1677 514 1743 modo
546 1677 707 1761 probabili
739 1678 1034 1762 argumentatione,
1066 1678 1122 1742 sed

114 1765 215 1829 etiam
245 1766 428 1831 necessaria
459 1764 763 1830 mathematicorum
794 1766 919 1830 ratione
954 1765 1121 1830 conclude-

113 1855 200 1935 rent,
221 1852 397 1916 maximam
420 1853 589 1917 materiam
609 1874 647 1916 ex
665 1853 761 1916 rebus
784 1874 842 1935 per
863 1874 896 1916 se
914 1853 1020 1917 invest
1006 1853 1120 1936 tigatis

114 1939 284 2005 adrerum
307 1941 505 2005 occultarum
528 1939 745 2024 cognitionem
775 1943 824 2004 att
795 1939 962 2004 ttulerunt
1011 1940 1120 2004 Perse·
1141 1960 1175 2007 ro

71 2054 100 2094 ro
113 2031 208 2092 cutus
223 2031 272 2092 est
286 2026 415 2102 Aristot
400 2028 480 2092 teles
500 2028 712 2093 animantium
726 2027 869 2092 omnium
888 2030 988 2109 ortus,
1007 2026 1120 2110 victus,

112 2116 244 2200 figuras,
262 2093 506 2198 Theophrastus
526 2118 582 2179 aut
583 2137 634 2178 em
648 2115 799 2198 stirpium
813 2111 945 2179 naturas
962 2115 1120 2179 omnium·

114 2225 176 2287 que
194 2204 262 2267 fere
280 2224 396 2288 rerum,
415 2224 496 2286 quae
516 2225 533 2266 e
551 2206 638 2266 terra
654 2203 873 2286 gignerentur,
890 2224 1004 2268 causas
1024 2205 1120 2286 atque

108 2291 269 2374 rationes3
293 2313 357 2374 qua
379 2312 418 2355 ex
440 2289 625 2374 cognitione
647 2290 775 2353 facilior
800 2289 868 2354 fact
854 2294 889 2354 ta
916 2293 967 2354 est
988 2290 1121 2354 investi·

113 2377 204 2463 gatio
224 2400 331 2442 rerum
350 2378 647 2444 occultissimarum.
685 2376 934 2460 Disserendique
954 2376 994 2440 ab
1018 2376 1121 2440 isdem

6 2511 7 2514 κ
72 2491 98 2531 25
112 2488 180 2530 non
212 2465 379 2530 dialectice
412 2466 531 2547 solum,
564 2464 619 2529 sed
651 2463 750 2527 etiam
780 2464 919 2528 oratorie
949 2467 1122 2546 praecepta

6 2569 7 2574 ’
114 2557 192 2617 sunt
223 2553 356 2636 tradita,
388 2553 429 2617 ab
462 2551 703 2635 Aristoteleque
734 2550 879 2633 principe
911 2550 949 2615 de
980 2549 1120 2634 singulis

114 2641 210 2706 rebus
233 2641 327 2705 int
290 2663 312 2704 u
312 2644 459 2724 tramque
481 2642 608 2723 partem
637 2637 762 2702 dicendi
791 2637 976 2702 exercitatio
1001 2640 1051 2700 est
1073 2637 1120 2701 in-

113 2728 242 2812 stituta,
265 2732 390 2794 utnon
413 2732 527 2792 eontra
549 2726 659 2791 omnia
682 2745 820 2808 semper,
843 2724 927 2788 sieut
948 2724 1121 2806 Arcesilas,

113 2815 246 2899 diceret,
273 2819 439 2880 ettamen
461 2815 535 2879 ut'
526 2836 562 2878 m
589 2813 738 2879 omnibus
766 2813 876 2896 rebus,
903 2812 1067 2962 quicquidt
1082 2834 1119 2875 ex

72 2929 99 2969 ao
113 2907 249 2987 utraque
276 2907 368 2986 parte
396 2903 459 2968 dici
486 2904 610 2984 posset,
637 2902 845 2984 expromeret.
899 2898 981 2965 Cum
1011 2902 1067 2964 aut
1069 2921 1119 2962 em
1139 2919 1172 2966 11

113 2990 211 3056 tertia
233 3013 310 3074 pars
333 2992 414 3056 bene
433 2989 561 3054 vivendi
584 2990 757 3071 praecepta
780 2990 960 3070 quaereret,
983 3007 1022 3050 ea
1043 3007 1119 3069 quo-

114 3099 175 3162 que
203 3081 253 3144 est
281 3078 321 3142 ab
353 3077 455 3142 isdem
489 3098 555 3140 non
583 3076 687 3139 solum
717 3075 757 3138 ad
784 3075 930 3157 privatae
960 3073 1047 3137 vitae
1070 3094 1119 3136 ra·

113 3166 251 3248 tionem,
283 3165 402 3230 sedt
370 3165 468 3230 etiem
501 3164 541 3228 ad
570 3184 677 3227 rerum
709 3161 912 3245 publicarum
943 3159 1120 3224 rectionem

113 3255 225 3319 relata.
271 3251 424 3318 Omnium
451 3252 520 3316 fere
547 3250 714 3314 civitatum
742 3271 807 3314 non
830 3247 983 3312 Graeciae
1007 3247 1120 3328 solum,

72 3366 99 3406 ss
113 3342 231 3406 sedt
199 3341 298 3405 etiam
328 3340 497 3405 barbariae
530 3338 571 3402 ab
602 3337 777 3402 Aristotele
809 3356 929 3418 mores,
959 3332 1120 3414 instituta,

112 3428 314 3512 disciplinas,
341 3451 361 3493 a
388 3426 613 3510 Theophrasto
647 3425 736 3509 leges
769 3423 867 3487 etiam
900 3420 1120 3505 cognovimus.

113 3515 313 3601 Onmquet
276 3538 297 3579 ιι
314 3537 419 3599 erque
425 3536 535 3580 eorum
553 3513 722 3596 docuisset,
699 3511 869 3595 qtualem
887 3509 922 3573 ln
935 3529 969 3572 re
988 3507 1120 3591 publica
