2564 3950
152 199 216 263 202
315 199 363 254 DE
382 196 526 252 FINIBUS
544 195 722 252 BONORUM
740 196 788 250 ΕΤ
806 194 989 250 MALORUM

92 336 132 456 ξ
220 361 309 436 Quae
336 381 409 424 cum
436 359 582 440 dixisset,
609 356 705 421 finem
732 357 796 422 ille.
845 355 918 440 Ego
949 359 1070 419 autem:
1107 354 1159 420 Ne

152 451 202 531 tu,
233 448 379 532 inquam,
416 443 511 528 Cato,
548 445 612 509 ista
642 444 834 527 exposuisti,
869 449 906 507 ut
941 447 1010 507 tam
1047 443 1159 525 multa,

152 535 350 617 memoriter,
386 536 423 598 ut
458 537 526 598 tam
562 533 711 615 obscura,
748 531 893 596 dilucide.
950 529 1064 614 Itaque
1101 536 1159 596 aut
1276 535 1277 616 l

153 623 342 690 omittamus
371 624 483 686 eontra
511 620 641 684 omnino
668 620 749 683 velle
778 619 898 704 aliquid
927 621 983 682 aut
1015 619 1158 701 spatium

153 733 316 775 sumamus
335 709 376 773 ad
394 707 613 792 cogitandum3
636 711 704 771 tam
728 706 813 770 enim
836 706 1022 790 diligenter,
1045 707 1186 770 etiam-s

153 799 180 862 si
204 798 310 862 minus
333 818 407 862 vere
430 795 520 879 (nam
539 794 683 860 nondum
704 795 738 858 id
757 794 885 878 quidem
905 794 1005 858 audeo
1029 793 1158 878 dicere),
1276 813 1277 866 j

152 886 209 950 sed
231 890 342 949 tamen
360 887 508 949 accurate
525 905 592 947 nou
610 882 704 947 modo
723 881 904 965 fundatam,
926 903 1038 948 verum
1058 882 1158 946 etiam
1276 869 1277 954 l

152 976 348 1074 exstructam
368 971 572 1071 disciplinam
590 991 657 1072 non
675 972 725 1033 est
742 969 837 1034 facile
854 969 1043 1052 perdiscere.
1075 969 1158 1034 Tum

151 1061 220 1124 1lle:
250 1061 314 1124 Am
336 1057 488 1123 tandem?
516 1061 635 1142 inquit,
662 1079 734 1121 cum
758 1079 818 1142 ego
841 1061 874 1120 te
897 1057 958 1120 hae
979 1078 1065 1121 nova
1086 1057 1159 1140 lege
1276 1087 1277 1160 q

1276 1161 1277 1222 l

1276 1363 1277 1408 l

1276 1413 1277 1480 l

1276 1563 1277 1608 l

153 1148 279 1212 videam
312 1146 423 1210 eodem
455 1145 506 1208 die
541 1145 719 1209 accusatori
754 1144 947 1228 respondere
984 1148 1017 1208 et
1035 1145 1157 1208 tribus
1172 1169 1198 1207 ro

152 1235 243 1298 horis
270 1254 433 1316 perorare,
464 1233 498 1295 in
525 1232 585 1296 hae
612 1255 663 1296 me
696 1254 793 1298 eausa
823 1241 950 1315 tempus
983 1231 1159 1296 dilaturum

152 1321 271 1402 putas?
304 1341 385 1402 quae
411 1323 521 1382 tamen
549 1341 568 1382 a
600 1323 633 1383 te
660 1323 775 1404 agetur
805 1341 871 1384 non
902 1320 1028 1403 melior,
1061 1342 1158 1404 quam
1276 1321 1277 1334 ¹

153 1409 229 1472 illae
253 1411 340 1490 sunt,
363 1429 442 1490 quas
465 1407 626 1470 interdum
650 1407 786 1471 obtines.
815 1407 936 1483 ¹Quare
959 1408 1057 1471 istam
1080 1429 1158 1490 quo·

154 1517 215 1578 que
239 1495 425 1580 aggredere,
452 1497 625 1559 tractatam
653 1495 842 1577 praesertim
865 1498 898 1558 et
921 1495 962 1559 ab
986 1495 1060 1560 aliis
1083 1499 1116 1558 et
1138 1517 1158 1560 a

116 1585 186 1651 ate
208 1583 280 1666 ipso
304 1603 413 1665 saepe,
435 1585 472 1646 ut
493 1582 554 1646 tibi
577 1582 687 1647 deesse
709 1603 776 1647 non
797 1583 903 1666 possit
923 1583 1037 1647 oratio.
1073 1581 1157 1646 Tum
1172 1606 1197 1646 rs

154 1690 226 1754 ego:
262 1667 338 1734 Non
368 1669 564 1752 mehercule,
594 1669 740 1753 inquam,
771 1670 859 1734 soleo
890 1673 1011 1734 temere
1044 1672 1157 1734 contra
1276 1673 1277 1696 ¹

153 1756 293 1840 Stoicos,
316 1779 382 1822 non
404 1779 468 1841 quo
490 1757 557 1820 illis
576 1757 746 1822 admodum
765 1758 935 1834 assentiar,
959 1757 1014 1821 sed
1035 1757 1157 1840 pudore
1276 1763 1277 1814 Τ

152 1845 324 1928 impedior3
348 1845 396 1908 ita
418 1845 521 1908 multa
544 1844 668 1927 dicunt,
682 1866 772 1928 quae
790 1845 845 1910 vix
862 1845 1058 1928 intellegam.
1093 1843 1156 1909 Ob·
1276 1923 1277 1928 γ

152 1953 259 2015 scura,
286 1932 402 2014 inquit,
429 1932 586 2014 quaedam
609 1953 680 1996 esse
703 1931 869 2014 confiteor,
896 1954 955 1997 nec
982 1934 1091 1997 tamen
1114 1933 1156 1996 ab

73 2029 76 2036 '
152 2019 217 2082 illis
240 2019 289 2083 ita
312 2018 460 2082 dicuntur
478 2019 516 2083 de
535 2019 705 2102 industria,
728 2019 784 2084 sed
801 2019 886 2084 inest
907 2021 943 2083 in
960 2019 1056 2084 rebus
1076 2019 1156 2102 ipsis
1170 2045 1195 2084 ro

152 2106 340 2169 obscuritas.
377 2103 442 2169 Cur
463 2105 564 2189 igitur
586 2106 715 2170 easdem
737 2128 802 2190 res,
823 2107 969 2190 inquam,
991 2106 1155 2189 Peripate·

152 2193 226 2256 ticis
250 2191 429 2256 dicentibus
453 2193 587 2257 verbum
609 2194 734 2258 nullum
757 2199 819 2278 est,
841 2195 925 2277 quod
943 2215 1010 2258 non
1028 2194 1157 2258 intelle·
1276 2205 1277 2240 ³

153 2280 269 2364 gatur‘?
306 2278 487 2344 Easdemne
504 2280 579 2344 res?
602 2281 720 2365 inquit,
739 2303 781 2345 an
799 2303 912 2364 parum
931 2281 1069 2346 disserui
1090 2302 1157 2346 non

152 2367 258 2454 verbis
282 2364 406 2432 Stoicos
426 2389 445 2431 a
464 2365 702 2451 Peripateticis,
725 2368 781 2432 sed
803 2369 951 2432 universa
973 2389 1007 2432 re
1031 2371 1063 2432 et
1085 2372 1157 2433 tota
1276 2377 1277 2452 l

152 2455 313 2519 sententia
344 2454 519 2519 dissidere?
564 2455 678 2539 Atqui,
708 2457 852 2538 inquam,
885 2455 978 2540 cato,
1010 2457 1038 2520 si
1067 2456 1155 2520 istud
1170 2480 1196 2520 ss

152 2542 343 2623 obtinueris,
365 2542 515 2608 traducas
534 2564 584 2606 me
603 2543 643 2607 ad
661 2546 693 2608 te
711 2547 816 2606 totum
839 2543 960 2607 licebit.
996 2541 1157 2608 Putabam

152 2625 298 2712 equidem
322 2630 415 2711 satis,
437 2629 555 2713 iuquit,
578 2651 630 2694 me
654 2630 780 2696 dixisse.
825 2629 930 2706 Quare
958 2629 999 2694 ad
1027 2652 1065 2695 ea
1092 2631 1157 2714 pri·
1276 2663 1277 2676 2

151 2738 253 2798 mum,
277 2716 304 2780 si
327 2715 466 2800 videtur3
491 2717 540 2779 sin
564 2717 649 2780 aliud
674 2717 750 2800 quid
769 2718 870 2800 voles,
893 2720 1016 2800 postea.
1051 2717 1156 2784 Immo

42 2800 48 2808 ’
151 2802 237 2866 istud
270 2801 410 2886 quidem,
442 2803 587 2885 inquam,
623 2821 686 2887 quo
723 2805 794 2868 loco
832 2805 991 2888 quidque.
1011 2854 1017 2868 .
1037 2855 1069 2869 ..
1092 2805 1156 2870 nisi
1276 2793 1277 2880 ¹

151 2889 297 2972 iniquum
323 2889 469 2972 postulo,
496 2890 656 2954 arbitratu
687 2912 768 2956 meos
822 2889 868 2956 Ut
896 2892 1015 2976 placet,
1042 2893 1155 2976 inquit.
1168 2917 1195 2958 so
1276 2899 1277 2968 ξ

150 2975 224 3041 Etsi
248 2977 333 3041 enim
355 2975 523 3040 illuderet
546 2978 665 3061 aptius,
688 2999 824 3061 aequum
843 2979 956 3062 cuique
975 2980 1155 3044 concedere.
1276 2983 1277 3048 l

115 3103 132 3150 3
216 3063 376 3130 Existimo
404 3064 517 3148 igitur,
544 3065 691 3149 inquam,
718 3063 812 3149 (lato,
839 3071 963 3131 veteres
985 3066 1059 3131 illos
1082 3066 1156 3132 Pla·

150 3153 236 3216 tonis
256 3151 427 3234 auditores,
445 3149 672 3236 Speusippum,
691 3153 913 3238 Aristotelem,
931 3152 1155 3237 Xenocratem,

150 3239 264 3303 deinde
297 3259 420 3321 eorum,
451 3237 672 3323 Polemonem,
704 3239 978 3323 Theophrastum,
1011 3243 1089 3306 satis
1122 3246 1156 3308 et

150 3327 279 3408 copiose
303 3329 335 3389 et
358 3326 522 3410 eleganter
539 3327 689 3390 habuisse
713 3327 923 3392 constitutam
942 3328 1155 3413 disciplinam,
1168 3354 1194 3397 aa

149 3416 274 3477 utnon
298 3417 382 3476 esset
405 3433 502 3476 causa
524 3411 656 3496 Zenoni,
680 3433 752 3476 cum
772 3413 979 3478 Polemonem
1003 3416 1154 3494 audisset,

148 3519 205 3560 cur
223 3503 257 3561 et
275 3498 315 3561 ab
336 3520 373 3562 eo
391 3499 462 3582 ipso
481 3501 514 3562 et
533 3520 552 3562 a
571 3500 788 3580 superioribus
810 3500 993 3586 dissideret3
1017 3523 1155 3586 quorum
