2586 3950
344 204 411 258 mn.
430 205 464 258 11.
494 203 570 258 one.
591 211 636 273 2⁷,
657 211 699 260 as.
732 210 889 270 sss-ss.
1066 207 1129 270 157

15 387 17 454 3
109 361 245 438 'stanter
272 365 426 450 loquare?
480 365 520 431 In
551 368 717 450 voluptate
750 369 892 452 corporis
926 367 1068 454 (addam,
1102 371 1130 434 si

15 457 17 478 *
116 455 183 536 ris,
207 453 346 538 ‘animi',
374 455 449 519 dum
478 477 516 520 ea
538 456 623 538 ipsa,
651 460 688 520 ut
710 455 823 539 vultis,
853 457 897 520 sit
919 479 958 521 ex
981 455 1129 543 corpore)

15 585 17 614 ,
118 543 219 606 situm
242 545 293 606 est
315 543 422 608 vivere
445 543 548 608 beate.
586 543 693 620 Quid?
715 543 812 608 istam
836 545 1035 628 voluptatem
1058 568 1129 628 per-

117 635 250 714 petuam
275 631 347 714 qriis
370 635 480 714 potest
502 635 667 715 praestare
690 631 851 716 sapienti?
900 631 986 698 Nam
1012 633 1128 718 quibus

90 719 216 786 srebus
235 717 419 785 efficiuntur
437 720 634 803 voluptates
658 726 799 785 caenon
818 722 946 786 suntin
966 726 1130 805 potestate

119 807 286 890 sapientis.
335 806 411 874 Non
440 808 527 872 enim
553 808 586 874 in
614 809 685 891 ipsa
713 809 873 892 sapientia
904 810 1048 894 positum
1081 817 1130 876 est

119 897 251 960 beatum
279 916 362 978 esse,
390 897 445 960 sed
472 896 507 960 in
533 896 573 960 iis
602 897 712 980 rebus,
745 919 824 980 quas
853 898 1013 981 sapientia
1045 921 1130 964 corn-

118 987 214 1066 parat
238 982 278 1047 ad
300 983 510 1067 voluptatem.
553 983 671 1049 Totum
695 985 860 1050 autemid
883 989 1048 1050 externum
1073 990 1130 1070 est,

120 1075 153 1136 et
171 1070 256 1155 quod
274 1075 456 1150 externum,
479 1073 512 1136 id
532 1072 565 1136 in
584 1094 661 1136 casu
681 1077 737 1138 est.
778 1074 830 1138 Ita
852 1074 891 1137 fit
912 1075 1026 1139 beatae
1045 1074 1130 1139 vitae

78 1187 105 1226 ιο
120 1160 250 1224 domina
276 1160 421 1238 fortune,
456 1181 552 1244 quam
579 1159 739 1244 Epicurus
772 1163 819 1227 ait
852 1163 1000 1247 exiguam
1032 1163 1130 1227 inter·

119 1248 229 1312 venire
256 1249 404 1331 sapienti.

186 1336 270 1421 Age,
296 1337 435 1420 inquies,
466 1338 531 1402 ista
557 1358 659 1420 parva
687 1341 771 1404 sunt.
827 1337 1010 1422 Sapientem
1043 1308 1183 1437 locu-2953

119 1426 223 1508 pletat
249 1425 321 1508 ipsa
347 1429 478 1508 natura,
505 1426 594 1491 cuius
622 1426 753 1491 divitias
781 1426 939 1509 Epicurus
967 1427 1130 1510 parabiles

122 1535 191 1577 esse
220 1513 336 1578 docuit.
386 1513 476 1577 Haec
503 1514 584 1579 bene
613 1513 775 1596 dicuntur,
803 1535 862 1578 nec
893 1535 953 1600 ego
976 1535 1131 1598 repugno,

78 1630 106 1668 15
122 1602 177 1666 sed
200 1601 285 1665 inter
309 1623 378 1666 sese
400 1603 473 1685 ipsa
494 1605 650 1687 pugnant
696 1601 805 1686 Negat
830 1603 917 1667 enim
939 1603 1130 1667 tenuissimo

121 1690 221 1771 victu,
257 1689 290 1752 id
327 1693 377 1754 est
412 1689 698 1772 contemptissimis
742 1690 824 1754 escis
861 1693 893 1754 et
933 1691 1131 1774 potionibus

121 1779 276 1842 minorem
298 1778 500 1861 voluptatem
523 1777 646 1860 percipi
670 1799 766 1862 quam
793 1778 891 1842 rebus
919 1778 1130 1862 exquisitissi-

15 1939 16 1942 ,
120 1867 183 1930 mis
213 1864 253 1929 ad
279 1866 481 1949 epulandum.
526 1865 610 1930 Huic
638 1885 711 1950 ego,
739 1867 768 1930 si
795 1868 931 1951 negaret
960 1866 1132 1952 quicquam

120 1956 277 2019 interesse
310 1953 350 2018 ad
384 1955 477 2018 beate
508 1954 693 2037 vivendum,
731 1954 818 2040 quali
855 1957 998 2019 uteretur
1034 1955 1131 2036 victu,

79 2071 106 2110 20
121 2042 339 2125 concederem,
375 2041 540 2106 laudarem
577 2041 688 2124 etiam;
732 2063 842 2106 verum
880 2043 965 2106 enim
1002 2041 1130 2125 diceret,

120 2131 216 2216 idque
240 2129 419 2208 Socratem,
447 2130 503 2214 qui
529 2131 731 2213 voluptatem
757 2130 847 2195 nullo
878 2131 950 2195 loco
973 2135 1130 2214 numerat,

121 2219 216 2284 audio
244 2218 418 2299 dicentem,
446 2217 510 2282 cibi
538 2219 779 2282 condimentum
807 2239 877 2284 esse
909 2219 1042 2302 famem,
1075 2240 1131 2302 po·

119 2307 218 2372 tionis
242 2306 339 2370 sitim.
391 2304 453 2369 Sed
480 2305 536 2389 qui
563 2306 604 2370 ad
631 2305 831 2389 voluptatem
855 2308 964 2372 omnia
988 2307 1131 2371 referens

120 2395 202 2459 vivit
229 2397 267 2458 ut
294 2392 464 2458 Gallonius
470 2445 479 2476 ,
507 2393 651 2478 loquitur
679 2398 716 2458 ut
741 2392 840 2478 Frugi
867 2395 922 2457 ille
949 2393 1040 2478 Piso,
1066 2417 1131 2458 non

80 2510 107 2548 as
123 2483 217 2547 audio
254 2503 314 2546 neo
345 2503 432 2566 eum,
460 2481 545 2566 quod
573 2483 704 2565 sentiat,
732 2481 836 2546 dicere
865 2483 1020 2546 existimo.
1066 2481 1131 2546 Na·
1151 2502 1183 2549 91

15 2611 16 2614 =
121 2571 243 2635 turales
267 2570 398 2634 divitias
422 2569 504 2634 dixit
526 2569 688 2653 parabiles
713 2591 796 2652 esse,
820 2569 904 2654 quod
922 2591 1022 2653 paruo
1045 2573 1132 2634 esset

121 2661 239 2722 natura
262 2661 422 2723 contenta.
475 2657 582 2740 Certe,
608 2657 672 2722 nisi
701 2657 903 2740 voluptatem
925 2657 1010 2722 tanti
1038 2659 1132 2722 aesti-

104 2744 262 2810 maretis.
310 2742 387 2810 Non
414 2745 532 2825 minor,
559 2746 677 2830 inquit,
708 2746 858 2830 voluptas
886 2746 1061 2829 percipitur
1093 2767 1132 2810 ex

122 2834 289 2898 vilissimis
312 2835 407 2898 rebus
432 2855 529 2917 quam
549 2855 587 2898 ex
609 2833 862 2916 pretiosissimis.
904 2833 975 2898 Hoc
994 2837 1044 2898 est
1066 2856 1132 2898 non

82 2924 216 2988 comodo
241 2943 296 2986 cor
317 2943 384 2987 non
405 2921 538 3003 habere,
568 2921 624 2986 sed
646 2944 687 2986 ne
714 2922 862 3005 palatum
886 2922 1023 3005 quidem.
1070 2921 1132 2996 Qui

122 3011 207 3075 enim
233 3011 432 3092 voluptatem
460 3011 564 3093 ipsam
593 3013 814 3092 contemnunt,
846 3010 886 3074 iis
918 3009 995 3074 licet
1026 3009 1131 3072 dicere

123 3120 157 3162 se
179 3119 405 3182 acupenserem
428 3118 561 3162 maenae
584 3119 650 3161 non
679 3101 887 3181 anteponere;
916 3098 966 3162 cui
993 3118 1069 3161 vero
1097 3097 1132 3160 in

122 3185 288 3269 voluptate
308 3207 468 3250 summurn
486 3186 607 3250 bonum
627 3188 689 3267 est,
712 3185 788 3250 huic
810 3185 919 3251 omnia
938 3205 1042 3267 sensu,
1066 3205 1132 3248 non

121 3273 247 3338 ratione
274 3278 350 3338 sunt
376 3272 560 3357 iudicanda,
589 3295 689 3357 eaque
719 3273 852 3338 dicenda
880 3273 1019 3356 optima,
1048 3293 1131 3355 quae

81 3385 107 3426 ss
122 3361 188 3426 sint
216 3362 415 3426 suavissima.
471 3361 592 3426 Verum
625 3364 709 3444 est03
742 3364 959 3445 consequatur
989 3381 1131 3425 summas
1151 3381 1184 3430 on

15 3487 17 3562 3
119 3449 305 3534 voluptates
338 3471 404 3515 non
438 3449 533 3514 modo
565 3471 681 3533 parvo,
713 3448 769 3513 sed
797 3471 855 3532 per
882 3470 934 3512 me
961 3447 1077 3529 nihilo,
1104 3447 1132 3512 si

15 3565 17 3570 ’
119 3540 243 3621 potest3
267 3539 312 3602 sit
333 3538 483 3621 voluptas
509 3559 575 3602 non
598 3538 704 3602 minor
726 3537 761 3601 in
783 3535 947 3600 nasturcio
970 3536 1042 3620 illo,
1069 3557 1132 3620 quo

15 3635 20 3762 t

15 3788 19 3822 i
