2538 3956
162 213 229 275 414
359 209 658 290 TUSCULANARUM
675 208 976 266 DISPUTATIONUM

163 374 264 458 igitur
286 373 367 438 mihi
396 373 463 437 iam
487 372 702 437 convertenda
725 371 829 436 omnis
854 372 958 437 oratio
983 376 1046 456 est3
1076 374 1185 438 simn-

163 463 212 525 las
236 463 322 526 enim
344 481 495 544 quaerere
518 465 551 525 te
574 459 613 524 de
637 460 797 543 sapiente,
824 460 951 544 quaeris
975 464 1087 525 autem
1110 461 1183 525 for·

163 553 250 614 tasse
272 549 311 614 de
334 552 376 613 te.

228 637 349 702 Earum
367 636 469 722 igitur
485 635 779 720 perturbationum,
798 657 878 719 quas
898 636 1041 719 exposui,
1062 637 1179 702 variae
1255 665 1256 668 ¹

163 728 239 790 sunt
270 725 461 790 curationes.
514 722 600 788 Nam
631 745 736 807 neque
768 725 872 788 omnis
907 724 1074 808 aegritudo
1107 747 1210 789 unas

161 813 288 878 ratione
312 811 455 893 sedatur,
479 811 545 876 alia
568 814 618 875 est
640 811 727 876 enim
749 812 888 895 lugenti,
918 812 981 877 alia
1003 813 1176 877 miseranti

163 905 220 966 aut
241 900 398 964 invidenti
417 899 598 966 adhibenda
615 899 782 976 medicina.
817 899 880 963 Est
897 901 996 964 etiam
1015 901 1050 964 in
1070 902 1174 964 omni-

161 989 221 1052 bus
250 992 403 1072 quattuor
434 987 732 1072 perturbationibus
760 986 818 1051 illa
850 986 1029 1071 distinctio,
1061 993 1173 1052 utrum

162 1076 202 1140 ad
238 1076 422 1141 universam
457 1075 748 1159 perturbationem,
784 1095 865 1158 quae
902 1079 953 1139 est
984 1077 1173 1158 aspernatio

161 1163 298 1228 rationis
327 1167 383 1228 aut
411 1162 571 1246 adpetitus
606 1162 840 1245 vehementior,
872 1175 913 1228 an
945 1163 987 1228 ad
1015 1163 1173 1247 singulae,
1190 1190 1222 1229 ro

161 1255 198 1315 ut
222 1250 262 1314 ad
285 1254 420 1333 metum,
443 1250 634 1335 lubidinem,
656 1251 810 1334 reliquas,
839 1251 953 1316 melius
977 1251 1173 1316 adhibeatur

162 1339 281 1424 oratio,
305 1341 337 1402 et
359 1341 468 1403 utrum
490 1338 611 1402 illudne
629 1359 695 1408 non
713 1339 860 1425 videatur
878 1359 976 1423 aegre.
991 1339 1172 1424 ferundum,

162 1449 200 1492 ex
224 1448 286 1510 quo
311 1430 459 1510 suscepta
482 1427 526 1490 sit
548 1425 729 1510 aegritudo,
754 1448 795 1491 an
816 1428 961 1491 omnium
979 1449 1088 1492 rerum
1109 1429 1172 1492 tol·

161 1514 256 1580 lenda
286 1515 415 1583 omnino
446 1515 628 1598 aegritudo,
660 1517 709 1592 ut,
741 1515 769 1579 si
798 1515 869 1598 quis
898 1535 992 1600 aegre
1022 1515 1172 1606 feratlse

161 1623 336 1686 pauperem
368 1624 451 1686 esse,
482 1602 557 1666 idne
589 1602 748 1686 disputes,
782 1606 1009 1686 paupertatem
1047 1604 1172 1668 malum
1187 1629 1216 1669 15

148 1700 226 1754 'non
249 1713 331 1775 esse,
355 1713 397 1756 an
418 1690 583 1755 hominem
601 1711 696 1776 aegre
714 1689 799 1753 ferre
817 1690 900 1754 nihil
919 1695 1078 1774 oportere.
1113 1691 1173 1758 Ni-

161 1779 279 1843 mirum
310 1779 371 1843 hoo
402 1778 531 1862 melius,
563 1799 616 1858 ne,
649 1778 677 1842 si
703 1777 788 1843 forte
817 1778 855 1841 de
884 1783 1077 1862 paupertate
1104 1802 1173 1844 non

160 1867 371 1949 persuaseris,
399 1867 442 1930 sit
469 1865 663 1950 aegritudini
690 1866 939 1950 eoncedendum3
968 1867 1171 1952 aegritudine

162 1957 270 2018 autem
301 1954 430 2018 sublata
460 1953 601 2037 propriis
636 1953 831 2037 rationibus,
869 1955 985 2039 quibus
1017 1956 1087 2020 heri
1118 1957 1172 2021 usi

109 2090 150 2154 28
161 2063 284 2124 sumus,
308 2041 448 2125 quodam
471 2041 566 2106 modo
590 2042 688 2105 etiam
711 2043 911 2126 paupertatis
935 2043 1058 2107 malum
1081 2043 1170 2108 tolli·
1186 2071 1220 2112 ro

114 2168 146 2216 60
160 2133 223 2193 tur.
268 2127 330 2192 Sed
363 2128 468 2193 omnis
501 2128 569 2192 eius
601 2129 688 2194 modi
723 2130 926 2213 perturbatio
964 2131 1063 2196 animi
1099 2131 1171 2214 pla·
1255 2143 1256 2146 ’

161 2217 287 2281 satione
311 2217 461 2281 abluatur
482 2215 541 2280 illa
564 2217 705 2302 quidem,
734 2239 806 2282 eum
829 2218 942 2284 doceas
965 2240 1024 2283 nee
1046 2219 1171 2284 bonum

160 2304 242 2368 illud
274 2325 357 2388 esse,
389 2325 427 2368 ex
458 2325 521 2388 quo
553 2303 693 2369 laetitia¹
717 2308 775 2370 aut
805 2305 905 2372 libido
938 2306 1073 2390 oriatur,
1109 2329 1175 2372 nee

160 2393 295 2476 malum,
314 2415 353 2456 ex
371 2414 433 2476 quo
453 2396 509 2457 aut
525 2396 630 2458 metus
650 2396 706 2458 aut
724 2393 908 2478 aegritud03
929 2398 1172 2461 verumtamen

161 2481 241 2544 haee
259 2484 308 2544 est
326 2484 414 2546 serta
433 2484 466 2546 et
483 2481 615 2565 propria
633 2481 772 2564 sanatio,
796 2482 824 2545 si
848 2482 962 2547 doeeas
985 2483 1073 2566 ipsas
1095 2505 1170 2567 per·
1183 2510 1213 2551 25

160 2569 362 2633 turbationes
385 2589 443 2652 per
466 2591 500 2632 se
523 2590 593 2634 esse
617 2569 753 2633 vitiosas
774 2590 833 2634 nea
854 2569 972 2634 habere
996 2570 1170 2654 quiequam

163 2658 220 2720 aut
240 2657 388 2721 naturale
412 2660 469 2720 aut
492 2657 723 2739 necessarium,
744 2661 782 2721 ut
803 2657 909 2740 ipsam
933 2658 1170 2742 aegritudinem

161 2743 255 2808 leniri
281 2743 438 2828 videmus,
471 2765 543 2808 oum
570 2744 727 2809 obicimus
760 2745 977 2810 maerentibus
1013 2746 1170 2812 inbecilli-

161 2834 263 2894 tatem
296 2831 395 2895 animi
430 2831 625 2913 ecfeminati,
663 2853 798 2915 eumque
830 2853 941 2897 eorum
972 2835 1169 2918 gravitatem

162 2919 439 3003 constantiamque
458 2918 639 3003 laudamus,
663 2919 800 3002 quinon
822 2921 1009 2984 turbulente
1026 2921 1168 2986 humana
1182 2949 1210 2990 eo

161 3007 333 3088 patiantur.
370 3005 463 3082 Quod
485 3005 614 3091 quidem
637 3007 720 3072 solet
743 3007 789 3070 eis
811 3008 910 3080 etiam
934 3008 1090 3092 accidere,
1114 3012 1169 3092 qni
1255 3085 1256 3088 Ἴ

160 3093 217 3157 illa
246 3095 332 3158 mala
362 3115 431 3158 esse
462 3097 606 3176 censent,
633 3094 766 3158 ferenda
792 3098 902 3159 tamen
929 3117 1031 3182 aequo
1059 3096 1167 3162 animo
1255 3097 1256 3140 l

161 3179 368 3246 arbitrantur.
421 3181 520 3246 Putat
553 3182 668 3265 aliquis
700 3203 770 3256 esse
802 3183 1002 3268 voluptatem
1037 3185 1168 3268 bonum,
1255 3185 1256 3232 ἕ

161 3268 243 3332 alius
263 3273 371 3333 autem
393 3269 576 3352 pecuniam3
599 3273 709 3333 tamen
731 3273 764 3334 et
781 3269 837 3334 ille
856 3272 897 3334 ab
917 3272 1167 3355 intemperantia
1255 3275 1256 3358 p

161 3359 193 3418 et
219 3355 272 3419 hie
300 3357 340 3420 ab
369 3356 508 3420 avaritia
530 3357 658 3420 avoeari
672 3360 801 3440 potest.
845 3357 907 3422 Illa
935 3363 1042 3423 antem
1066 3361 1204 3427 alterare
1255 3361 1256 3432 l

159 3443 242 3506 ratio
267 3445 299 3506 et
322 3443 441 3525 oratio,
465 3464 545 3527 quae
567 3444 663 3508 simul
682 3447 715 3508 et
733 3445 917 3526 opinionem
939 3445 1056 3511 falsam
1079 3447 1165 3512 tollit
1255 3443 1256 3464 l

159 3532 192 3590 et
220 3529 453 3612 aegritudinem
481 3529 636 3614 detrahit,
664 3534 714 3594 est
740 3553 779 3596 ea
806 3532 934 3615 quidem
960 3535 1083 3618 utilior,
1111 3535 1165 3600 sed
