2544 3952
156 238 223 303 398
352 237 649 295 TUSCULANARUM
667 237 969 293 DISPUTATIONU'M

155 423 363 486 permanens,
385 401 610 466 adflictatio
630 400 798 483 aegritudo
817 422 890 464 curn
908 402 1080 466 vexatione
1100 421 1169 468 cor·-

155 491 258 572 porie‚
284 489 507 573 desperatio
536 489 704 572 aegritudo
733 489 801 553 sine
823 489 891 553 ulla
918 509 1026 554 rerum
1054 511 1169 576 expec-

155 579 279 642 tatione
312 578 489 643 meliorum.
544 577 633 654 Quae
665 581 775 642 autem
812 578 956 642 subiecta
992 583 1070 642 sunt
1107 580 1169 643 sub

156 669 309 748 metum,
336 687 375 730 ea
402 667 448 730 sic
475 666 645 729 definiunt:
673 665 876 750 pigritiam
903 670 1025 730 metum
1056 685 1169 731 conse·-

104 769 137 817 19
157 755 284 838 quentis
303 754 441 838 laboris,
456 803 573 818 ......
586 757 772 818 terrorem
786 757 909 818 metum
920 755 1170 838 concutientem,
1184 783 1196 823 a

156 865 195 906 ex
213 865 276 928 quo
295 843 341 924 fit,
360 846 397 905 ut
412 841 567 926 pudorem
580 842 687 924 rubor,
706 846 862 907 terrorem
876 841 983 926 pallor
998 847 1031 908 et
1044 847 1175 908 tremor·-

156 937 189 994 et
202 931 347 996 dentium
362 931 503 1014 crepitus
518 933 743 1014 consequatur,
758 930 937 994 timorem
951 932 1171 995 metnmmali

156 1019 460 1102 adpropinquantis,
487 1037 666 1102 pavorem
694 1022 816 1082 metum
839 1023 982 1084 mentem
1003 1020 1075 1084 loco
1100 1041 1171 1084 mo-

155 1111 298 1190 ventem,
322 1129 360 1171 ex
383 1129 446 1192 quo
469 1105 549 1171 illud
571 1105 711 1170 Ennius:

200 1230 291 1293 Tum
313 1252 433 1313 paror
456 1229 689 1314 sapientiam
708 1251 853 1294 omnem
877 1230 926 1294 mi
945 1232 1171 1297 exanimato
1186 1261 1215 1300 ro

835 1319 1079 1404 expectorat,

155 1460 481 1524 exanimationem
499 1463 621 1524 metum
639 1460 887 1544 subsequentem
907 1464 941 1524 et
958 1461 1051 1545 quasi
1070 1461 1177 1525 comi?

156 1554 221 1612 tem
252 1549 397 1631 pavone,
430 1549 771 1612 conturbationem
798 1551 921 1614 metum
951 1549 1173 1613 excutientem

156 1637 312 1721 cogitata,
335 1636 582 1702 formidinem
605 1640 728 1700 metum
750 1640 1002 1719 permanentem.

221 1723 411 1808 Voluptatis
440 1729 548 1789 autem
576 1729 684 1808 partes
710 1724 773 1788 hoc
795 1725 897 1789 modo·
915 1725 1107 1810 distabunt,
1131 1731 1172 1791 ut

155 1812 426 1878 malivolentia
464 1814 507 1877 sit
538 1813 687 1896 voluptas
725 1833 764 1876 ex
800 1813 887 1878 malo
908 1814 1064 1878 alterius
1096 1815 1171 1879 sine
1188 1845 1213 1883 15

155 1901 372 1966 emolumento
397 1922 468 1984 suo,
490 1900 699 1965 delectatio
723 1901 875 1983 voluptas
894 1902 1054 1966 suavitate
1077 1903 1168 1967 audi·

154 1994 207 2054 tus
227 1989 370 2054 animum
389 1989 567 2071 deleniens3
586 1993 618 2052 et
637 1989 742 2073 qualis
762 1993 812 2053 est
830 1990 910 2054 haec
930 1990 1065 2074 aurium,
1083 1993 1170 2056 tales

156 2081 232 2142 sunt
263 2082 295 2142 et
326 2077 493 2142 oculorum
530 2081 572 2141 et·
597 2079 777 2142 tactionum
809 2081 842 2141 et
873 2078 1098 2143 odorationum
1134 2083 1171 2144 et

155 2185 320 2250 saporum,
348 2185 429 2248 quae
457 2169 532 2228 sunt
555 2186 667 2230 omnes
698 2166 791 2231 unius
815 2166 942 2249 generis
966 2165 1007 2230 ad
1034 2167 1171 2250 perfun-

155 2254 294 2318 dendum
331 2254 474 2317 animum
510 2256 678 2338 tamquam
716 2253 953 2338 inliquefactae·
971 2255 1168 2340 voluptates.
1183 2287 1211 2327 ro

155 2342 326 2406 Iactatio
358 2344 417 2405 est·
439 2342 589 2422 voluptas
622 2343 764 2426 gestiens
793 2346 826 2406 et
852 2364 887 2406 se
914 2343 1048 2408 efferens
1079 2345 1169 2410 inso-

109 1697 129 1759 9

102 1775 136 1823 ao

155 2520 364 2598 definiuntur,
393 2523 429 2582 ut
457 2520 514 2583 ira
543 2519 586 2582 sit
613 2518 713 2583 libido
722 2519 907 2670 npoeniendi
932 2521 1013 2604 eius,
1040 2522 1097 2605 qui
1119 2522 1168 2586 vi·

154 2608 267 2673 deatur
298 2607 431 2672 laesisse
463 2605 594 2688 iniuria,
626 2628 717 2671 exoa
777 2608 948 2672 ascentia
979 2612 1088 2673 autem
1122 2610 1169 2674 sit

154 2697 203 2760 ira
230 2715 366 2759 nascens
395 2696 427 2758 et
455 2694 550 2759 modo
579 2695 734 2778 existens,
761 2715 842 2778 quae
866 2691 1020 2779 θύμωσις
1043 2696 1168 2762 Graece
1183 2727 1209 2767 25

155 2783 284 2866 dicitur,
312 2783 440 2847 odium
467 2783 516 2846 ira
544 2783 736 2867 inveterata,
763 2784 977 2848 inimicitia
1005 2785 1056 2850 ira
1084 2786 1168 2851 aloi-

155 2871 263 2936 scendi
285 2874 413 2956 tempus
438 2871 626 2954 observans,
654 2871 847 2936 discordia
873 2872 922 2936 ira
944 2874 1090 2938 acerbior
1118 2877 1168 2939 in·

154 2961 234 3025 timo
253 2960 361 3026 animo
383 2963 416 3025 et
439 2959 533 3024 corde
557 2963 725 3042 concepta,
748 2959 1093 3044 indigentialibido
1117 2963 1168 3028 in-

156 3049 335 3132 explebilis,
359 3047 595 3114 desiderium
613 3047 715 3112 libido
734 3048 815 3130 eius,
834 3050 1051 3132 qainondam
1070 3050 1169 3136 adsit,

155 3137 291 3203 videndi.
328 3137 544 3222 Distinguunt
566 3135 646 3201 illud
665 3135 776 3220 etiam,
789 3141 837 3201 'ut
860 3136 961 3201 libido
986 3139 1030 3202 sit
1052 3157 1167 3204 earnm
1182 3169 1209 3210 ao

155 3247 275 3311 rerum,
298 3248 379 3333 quae
398 3225 548 3289 dicuntur
565 3224 763 3308 de‘quodam
782 3230 839 3289 aut
857 3225 1058 3310 quibusdam,
1081 3247 1166 3311 quae

155 3335 409 3398 κατηγορηματα
431 3312 591 3377 dialectici
615 3313 793 3396 appellant,
821 3317 860 3378 ut
880 3313 1007 3379 habere
1022 3315 1167 3401 divitias,

155 3423 267 3486 capere
290 3402 444 3486 honorae,
467 3401 647 3486 indigentia
669 3421 776 3466 rerum
798 3402 944 3484 ipsarum
967 3403 1024 3486 sit',
1037 3408 1084 3468 'ut
1106 3404 1165 3468 ho÷

101 3503 134 3551 22
154 3511 285 3572 norum,
306 3494 343 3554 nt
364 3491 530 3574 pecuniae.
576 3488 728 3553 Omnium
752 3493 860 3554 autem
882 3491 1165 3573 perturbationum

153 3577 276 3641 fontem
296 3597 365 3642 esse
384 3578 494 3643 dicunt
513 3579 865 3661 intemperantiam,
884 3597 966 3664 qnae
984 3583 1073 3644 esta
1091 3585 1165 3646 tota
1179 3610 1204 3651 aa
