2502 3960
285 223 356 278 LIB.
375 223 411 278 Il.
439 222 514 278 ΟΑΡ.
534 229 578 294 40,
596 229 640 278 41.
668 229 852 290 erac-128.
1044 223 1087 290 ’Π
1202 239 1208 248 ’

73 386 217 451 tudinem
251 385 340 469 (ipse
364 385 450 449 enim
480 385 533 450 hic
560 385 706 451 radiatus
737 407 788 450 me
819 387 939 452 intueri
960 387 1088 453 videtur

74 475 262 558 admonens,
280 475 318 538 ut
331 474 443 538 crebro
457 473 577 538 faciam
591 474 789 539 mentionem
804 473 868 562 sui)
882 511 924 522 -
938 497 997 540 vos
1010 497 1088 562 ergo

72 562 165 626 huius
180 561 443 646 magnitudinem
457 561 549 646 quasi
563 561 756 646 decempeda
769 563 933 646 permensi
946 563 1088 648 refertis3

75 671 131 735 ego
154 672 209 714 mc
234 650 330 734 quasi
353 650 449 714 malis
469 650 654 715 architectis
672 671 843 715 mensurae
861 655 989 716 vestrae
1005 672 1089 737 nego

52 739 212 804 sorcdere.
265 735 409 803 Dubium
437 742 500 821 est,
535 741 608 802 uter
639 743 787 803 nostrum
819 740 876 823 sit,
908 733 1022 804 leviter
1053 744 1090 804 ut

73 827 187 911 dicam,
216 826 485 891 inverecundior?
530 825 600 891 Neo
622 825 732 891 tamen
754 826 837 895 istas
861 828 1065 912 quaestiones
1091 849 1140 900 127

74 915 284 999 physicorum
307 915 564 980 exterminandas
587 918 676 998 puto.
716 913 779 980 Est
801 916 886 981 enim
909 916 1110 981 animorum·

75 1003 346 1087 ingeniorumque
368 1003 516 1068 naturale
540 1002 700 1088 quoddam
723 1003 816 1088 quasi
838 1003 994 1087 pabulum
1017 1025 1091 1069 con·
1230 1082 1236 1094 .

12 1103 13 1108 ’
77 1090 230 1155 sideratio
256 1091 551 1175 contemplatioque
573 1095 723 1176 naturae;
756 1091 924 1176 erigimur,
957 1093 1090 1158 altiores
1134 1137 1137 1144 =

45 1205 66 1244 ro
78 1179 145 1242 fieri
163 1179 322 1262 videmur,
344 1177 486 1244 humana
508 1179 702 1262 despicimus
717 1179 961 1265 cogitantesque
976 1199 1093 1266 supera

12 1295 13 1312 2
79 1271 174 1352 atque
199 1265 354 1330 caelestia
375 1266 456 1331 haec
477 1271 591 1332 nostra
613 1271 651 1331 ut
674 1268 791 1351 exigua
814 1271 847 1332 et
864 1269 999 1334 minima
1018 1291 1091 1349 con-

78 1355 263 1420 temnimus.
310 1352 482 1438 Indagatr'o
519 1356 593 1438 ipsa
623 1375 731 1419 rerum
764 1377 835 1421 oum
866 1357 1092 1442 maximarum,
1142 1394 1147 1406 ·

78 1446 144 1508 tum
177 1444 280 1508 etiam
313 1443 604 1508 occultissimarum
635 1442 737 1509 habet
769 1443 1031 1529 oblectationem
1064 1447 1092 1509 si

78 1553 152 1596 uero
171 1529 296 1616 aliquid
314 1531 464 1614 occurrit,
487 1530 572 1616 quod
591 1532 660 1596 veri
684 1531 789 1596 simile
803 1531 959 1616 videatur,
981 1532 1092 1598 huma-

47 1620 213 1684 unissima
246 1618 426 1702 completur
458 1621 584 1684 animus
611 1619 787 1703 voluptate.
840 1620 979 1697 Quaeret
1008 1621 1144 1706 igi-128

78 1711 129 1772 tur
156 1707 240 1772 haec
264 1709 296 1770 et
319 1711 426 1771 vester
455 1708 584 1791 sapiens
607 1711 641 1772 et
669 1707 722 1773 hio
743 1711 869 1792 noster,
899 1708 955 1772 sed
978 1713 1093 1792 vester,

79 1799 114 1860 ut
137 1795 358 1877 adsentiatur,
385 1795 510 1880 credat,
538 1796 701 1880 adfirmet,
731 1798 857 1874 noster,
886 1799 922 1860 ut
943 1799 1093 1862 vereatur

78 1888 198 1948 temere
220 1882 351 1966 opinari
381 1884 610 1968 praeclareque
639 1885 693 1969 agi
721 1905 829 1949 secum
860 1885 965 1968 putet,
998 1885 1026 1949 si
1059 1885 1094 1950 in

81 1973 146 2036 eius
168 1971 259 2036 modi
281 1971 388 2049 rebus,
411 1973 480 2036 reri
502 1972 607 2037 simile
633 1972 718 2056 quod
742 1972 794 2056 sit,
817 1973 985 2037 invenerit.
1031 1971 1093 2037 Ve-

48 2061 204 2126 aniamus
227 2081 314 2124 nuno
339 2059 380 2124 ad
402 2059 560 2124 bonorum
578 2055 803 2144 malorumque
821 2061 996 2126 notionem.
1030 2059 1093 2127 Sed

81 2149 213 2232 paulum
237 2151 313 2212 ante
343 2147 512 2214 dicendum
536 2152 594 2213 est.
639 2147 716 2214 Non
742 2148 823 2213 mihi
845 2148 995 2214 videntur
1018 2171 1093 2215 con·

82 2237 237 2320 siderare,
269 2257 341 2301 cum
372 2235 510 2320 physica
541 2237 606 2301 ista
637 2235 729 2301 valde
762 2236 947 2321 adfirmant,
984 2261 1093 2303 earum

82 2326 178 2390 etiam
192 2345 301 2389 rerum
321 2324 550 2391 auctoritatem
569 2345 612 2408 se,
635 2346 717 2408 quae
739 2325 943 2390 inlustriores
962 2326 1093 2391 videan-

81 2418 141 2497 tur,
164 2413 327 2478 amittere.
371 2411 447 2478 Non
470 2413 556 2478 enim
578 2413 684 2496 magis
711 2411 936 2477 adsentiuntur
957 2435 1017 2478 nec
1040 2413 1093 2476 ad·

49 2502 222 2586 reprobant
244 2501 351 2566 lucere
373 2522 467 2580 nunc,
491 2523 598 2586 quam,
622 2523 693 2565 cum
717 2500 829 2565 cornix
844 2501 1002 2584 cecinerit,
1024 2505 1094 2566 tum

83 2589 203 2673 aliquid
227 2611 300 2654 eam
324 2593 381 2654 aut
408 2589 518 2654 iubere
547 2592 605 2654 aut
626 2592 748 2672 vetare,
778 2609 839 2652 nec
866 2589 970 2674 magis
1000 2588 1095 2653 adfir-

82 2679 216 2742 mabunt
230 2677 360 2761 signum
382 2677 471 2761 illud,
494 2678 523 2742 si
547 2680 641 2742 erunt
664 2677 777 2761 mensi,
801 2697 857 2741 sex
880 2677 998 2762 pedum
1016 2698 1096 2763 esse,

83 2787 176 2851 quam
205 2765 323 2849 solem,
355 2787 450 2850 quem
477 2766 586 2831 metiri
618 2787 684 2831 non
715 2769 866 2849 possunt,
896 2764 969 2848 plus
998 2789 1095 2851 quam

84 2853 305 2938 duodeviginti
328 2853 475 2937 partibus
498 2855 654 2918 maiorem
673 2873 742 2917 esse
762 2874 858 2937 quam
882 2857 1011 2919 terrem.
1044 2853 1095 2920 Ex

52 2962 145 3027 aquo
168 2942 227 3006 illa
250 2941 413 3006 conclusio
435 2942 594 3006 nascitur:
632 2939 687 3024 ‘Si
711 2941 761 3006 sol
784 2945 924 3025 quantus
948 2943 1000 3027 sit,
1023 2964 1094 3026 per·

85 3029 146 3114 cipi
176 3051 245 3094 non
280 3033 402 3113 potest,
439 3029 495 3113 qui
526 3032 648 3094 ceteras
680 3050 732 3093 res
765 3028 877 3094 eodem
908 3030 1003 3096 modo
1032 3053 1095 3116 quo

85 3113 341 3204 magnitudinem
357 3117 627 3206 solis-‚adprobat
649 3117 679 3182 is
703 3139 757 3182 eas
781 3139 833 3182 res
856 3141 924 3184 non
945 3118 1096 3202 percipit3

85 3205 274 3292 magnitudo
298 3210 407 3270 autem
431 3205 508 3270 solis
531 3205 656 3290 percipi
678 3227 745 3270 non
766 3209 889 3292 potest3
918 3209 973 3290 qui
995 3207 1097 3290 igitur

85 3295 116 3360 id
143 3293 319 3380 adprobat,
350 3294 442 3378 quasi
473 3294 646 3379 percipiat,
678 3294 801 3359 nullam
829 3317 899 3360 rem
930 3293 1095 3379 percipit'
1160 3353 1161 3358 ,

53 3381 321 3468 uResponderint
342 3404 438 3467 posse
461 3383 600 3467 percipi,
632 3387 772 3466 quantus
797 3383 845 3448 sol
869 3383 927 3466 sit3
958 3403 1026 3447 non
1048 3403 1096 3446 re·

86 3471 243 3557 pugnabo,
266 3470 342 3534 dum
365 3470 460 3536 modo
485 3470 598 3535 eodem
620 3473 717 3554 pacto
741 3475 849 3536 cetera
871 3469 993 3554 percipi
1011 3491 1096 3537 com·

85 3559 299 3644 prehendiqne
333 3559 450 3624 dicant.
495 3555 565 3622 Neo
591 3559 677 3622 enim
705 3562 843 3642 possunt
876 3558 981 3623 dicere
1009 3559 1097 3624 aliud
