2544 3952
358 457 363 464 ι

403 503 451 574 Μ.
480 503 641 574 runnu
669 501 915 576 eieramus

216 655 639 748 ruseuulnnauu
671 657 1102 745 DISPUTATIONUM

520 815 570 868 AD
588 814 625 867 M.
645 814 799 870 BRUTUM

493 963 613 1024 LIBER
636 962 822 1032 QUARTUS

198 1081 257 1146 DE
280 1080 485 1158 RELIQUIS
507 1079 638 1146 ANIMI
663 1080 1115 1152 PERTURBATIOMBUS.

604 1243 710 1252 ...φο-..-

490 1349 827 1418 ARGUMENTUM.

225 1465 321 1521 Cicero
345 1467 379 1521 de
402 1481 499 1522 severa
521 1466 598 1522 ritae
621 1466 770 1536 disciplina
793 1467 868 1535 apud
891 1468 998 1536 priscos
1021 1468 1166 1524 Remmms

153 1537 258 1594 usitata
271 1537 414 1606 praefatus
429 1536 565 1592 auditoris
576 1537 744 1594 sententiam
753 1537 882 1594 refellere
896 1538 1060 1608 adgreditur
1076 1541 1167 1600 ‘omni

152 1607 362 1678 perturbatione
381 1624 463 1677 posse
482 1607 638 1676 sapientem
655 1608 773 1662 vacare’
796 1608 934 1678 negantis.
962 1609 1095 1666 Primum
1115 1613 1166 1664 ad-

151 1681 210 1732 fert
222 1677 441 1748 perturbationis
455 1677 646 1735 definitionem
657 1678 781 1732 Stoicam
790 1680 968 1746 etquattuor
977 1679 1036 1734 eius
1050 1697 1164 1750 genera,

152 1749 395 1806 Perturbatiouem
413 1749 500 1816 Zeno,
526 1748 845 1818 Stoicorumprinceps,
869 1749 979 1804 dixerat
997 1767 1129 1805 aversam
1145 1769 1167 1805 a

152 1823 231 1876 reeta
260 1821 368 1876 radone
401 1822 572 1888 naturaeque
603 1819 786 1890 incongruam
808 1819 905 1876 animi
937 1821 1164 1882 commotionem.

153 1891 251 1945 Partes
266 1893 361 1946 autem
379 1889 621 1959 perturbationum
640 1891 760 1948 duacen
776 1889 993 1960 bonis-opinatis
1006 1907 1164 1948 memoran-

142 1965 211 2028 tur,
235 1961 346 2022 laetitia
364 1965 393 2014 et
411 1961 513 2028 libido,
536 1960 608 2018 ditae
627 1978 661 2015 er
679 1962 816 2016 malorum
835 1977 941 2028 errore,
968 1961 1116 2032 aegritudo
1136 1967 1167 2018 et

152 2034 257 2098 metus,
275 2031 365 2099 iisque
380 2031 497 2100 singulis
514 2032 772 2100 perturbationibus
791 2048 857 2086 suae
874 2035 971 2113 partes
990 2032 1165 2088 subiciuntur

153 2120 214 2171 cap.
229 2108 316 2156 4-9.
343 2101 461 2167 Deinde,
479 2118 534 2169 qno
547 2103 633 2157 modo
646 2102 708 2172 ipsa
724 2102 899 2172 perturbatio
918 2103 953 2156 ab
968 2104 1164 2174 aegrotatione

154 2189 203 2226 seu
225 2173 322 2227 morbo
345 2170 468 2238 differat,
481 2174 521 2225 et
544 2189 615 2240 quae
638 2173 675 2226 sit
697 2173 726 2228 in
748 2174 803 2228 hoe
825 2189 928 2243 genere
948 2173 1034 2229 animi
1055 2177 1084 2229 et
1102 2193 1164 2232 eor-

152 2242 229 2312 poris
248 2241 413 2309 similitudo,
436 2231 593 2298 ostenditur
616 2260 677 2312 cap.
697 2250 817 2298 10-14.
861 2245 933 2298 Tum
952 2245 1103 2300 secundum
1121 2245 1163 2300 in·
1270 2245 1271 2248 ’

153 2313 281 2367 stitutam
315 2311 510 2381 quaestionem
526 2314 627 2368 ‘brevis
654 2314 789 2370 subicitur
819 2313 1021 2370 demonstratio
1053 2318 1163 2384 pertur-

151 2383 296 2438 bationem
323 2401 386 2440 cum
414 2383 553 2452 sapientia
577 2385 730 2440 consistere
757 2401 814 2439 non
835 2401 931 2453 posse,
957 2385 1045 2455 longa
1067 2389 1164 2441 autem

153 2454 306 2524 disputatio
326 2457 423 2513 contra
440 2454 657 2525 Peripateticos,
681 2455 728 2524 qui
745 2454 971 2524 perturbationes
988 2458 1164 2512 necessarias

152 2525 386 2591 esse,uaturales
405 2525 543 2594 utilesque
562 2526 747 2592 contendunt,
765 2541 817 2580 nec
835 2525 976 2588 tollendas
994 2525 1115 2595 sapienti
1128 2529 1165 2580 et

152 2595 358 2664 exstirpandas,
387 2596 437 2650 sed
465 2597 632 2653 coercendas
660 2599 688 2650 et
714 2595 900 2654 moderandas
927 2597 1057 2652 statuunt
1090 2600 1162 2667 (cap.

145 2669 285 2734 rs—ae).
322 2665 401 2720 Hane
420 2666 523 2734 exeipit
541 2666 679 2736 expositio
697 2666 732 2720 de
750 2665 994 2736 perturbationum
1008 2668 1163 2734 curatione,

152 2752 240 2803 eaque
259 2736 369 2790 diversa
387 2753 438 2806 pro
457 2737 569 2792 diversa
586 2737 827 2806 perturbationum
844 2739 954 2791 natura.
981 2737 1015 2791 In
1029 2739 1165 2805 quattuor

151 2809 245 2864 autem
268 2807 525 2876 perturbationibus
548 2807 605 2862 illis
629 2807 759 2862 sedandis
787 2810 831 2860 est
853 2823 887 2862 ea
916 2807 1050 2862 distincta
1074 2809 1162 2862 ratio:

151 2876 275 2932 Primum
293 2880 387 2932 utrum
405 2877 442 2931 ad
460 2878 619 2932 universam
636 2878 888 2947 perturbationem,
907 2879 1051 2946 tamquam
1070 2878 1163 2948 aegri·

150 2947 289 3016 tudinem,
313 2947 464 3014 laetitiam,
488 2965 524 3002 an
547 2948 584 3000 ad
602 2948 744 3018 singulas,
766 2948 796 3003 id
820 2951 863 3003 est
885 2948 989 3006 formas
1010 2947 1163 3019 generibus

151 3018 305 3084 subiectas,
333 3018 514 3084 adhibeatur,
540 3018 641 3074 deinde
669 3020 762 3073 utrum
789 3018 858 3073 mali
880 3019 982 3074 bonive
1006 3018 1101 3089 opinio
1126 3036 1165 3074 an

150 3089 213 3158 ipsa
239 3089 352 3144 omnino
380 3089 555 3158 perturbatio
582 3088 707 3144 tollatur.
754 3089 810 3144 Sed
832 3092 938 3144 certam
961 3091 991 3144 et
1017 3088 1164 3159 propriam

151 3159 325 3220 sanationem
354 3175 425 3227 esse,
450 3153 481 3212 si
497 3160 599 3215 doceas
622 3159 698 3230 ipsas
720 3159 945 3229 perturbationes
968 3175 1071 3229 perse
1099 3176 1163 3215 esse
1267 3215 1268 3218 ,

149 3230 266 3285 vitiosas
289 3246 341 3283 neo
366 3229 470 3284 habere
500 3230 647 3298 quicquam
672 3231 721 3284 aut
743 3230 870 3286 naturale
894 3232 943 3285 aut
965 3230 1163 3288 necessarium.
1267 3249 1268 3252 ¹

149 3300 275 3355 Alteram
294 3302 388 3354 autem
407 3299 557 3368 rationem,
576 3317 647 3369 quae
667 3300 749 3354 simul
768 3299 927 3370 opinionem
946 3301 1014 3355 boni
1031 3301 1081 3356 aut
1094 3303 1164 3356 mali

149 3371 246 3436 tollat,
266 3387 326 3424 esse
345 3369 425 3424 illam
444 3371 556 3438 quidem
574 3371 732 3438 utiliorem,
755 3371 805 3425 sed
828 3389 892 3426 raro
917 3371 1052 3441 proficere
1071 3389 1163 3440 neque

150 3456 210 3495 esse
234 3441 271 3495 ad
293 3440 393 3510 vulgus
417 3441 614 3498 adhibendam.
655 3443 724 3495 Esse
748 3442 834 3496 etiam
857 3442 905 3496 ubi
931 3441 1060 3498 adhiberi
1078 3443 1163 3512 plane

149 3527 205 3564 non
221 3511 323 3579 possit,
343 3511 418 3578 quod
436 3529 494 3579 res,
513 3528 583 3580 quae
598 3513 744 3580 perturbet
757 3512 893 3578 animum,
911 3528 941 3566 re
955 3529 1024 3566 vera
1038 3512 1076 3567 sit
1088 3513 1164 3568 bona

148 3582 199 3634 aut
225 3581 312 3649 mala,
340 3586 372 3638 ut
395 3581 418 3636 si
442 3581 503 3650 quis
531 3599 614 3652 aegre
643 3583 717 3637 ferat
744 3582 813 3636 nihil
841 3583 871 3636 in
898 3598 927 3636 se
953 3599 1012 3636 esse
1040 3581 1164 3650 virtutis,
