2544 3952
349 208 417 264 Lis.
436 209 469 264 v.
499 208 575 264 uAP.
596 215 682 264 a-s.
709 215 848 276 se-ra.
1035 210 1102 274 429

7 426 8 430 ,
91 372 126 438 in
158 371 248 436 omni
286 369 518 454 disputatione,
555 370 631 454 quid
667 375 753 437 esset
790 372 990 457 simillimum
1025 374 1102 457 veri,

91 459 327 543 quaereremus.
364 457 467 534 Quem
485 480 608 523 morem
627 479 700 524 oum
714 456 895 526 Carneades
915 461 1102 526 acutissime

91 547 381 631 copiosissimeque
407 547 579 630 tenuisset,
609 546 744 612 fecimus
772 551 806 612 et
835 548 917 612 alias
944 571 1041 632 saepe
1070 553 1103 616 et

90 657 194 720 nuper
217 635 253 700 in
275 635 469 716 Tusculano,
492 638 529 700 ut
553 634 593 700 ad
616 655 688 700 eam
709 636 973 702 consuetudinem
995 637 1102 720 dispu-

63 727 245 790 staremus.
279 723 325 788 Et
347 722 515 806 quadridui
538 721 666 806 quidem
684 741 865 790 sermonem
883 725 1103 808 superioribus

91 811 195 889 adte
221 811 436 895 perscriptum
462 810 553 876 libris
582 810 742 894 misimus,
770 811 882 896 quinto
910 816 1020 878 autem
1049 813 1102 878 die

91 921 166 964 cum
185 899 297 964 eodem
320 899 354 964 iu
371 899 443 964 loco
459 898 731 983 consedissemus,
754 900 801 966 sio
820 903 870 964 est
890 901 1103 984 propositum,

90 987 130 1052 de
154 1009 217 1070 quo
241 987 491 1071 disputaremus:
666 1069 668 1076 Ι

158 1077 199 1140 Α.
231 1074 316 1142 Non
351 1075 446 1140 mihi
481 1074 635 1140 uidetur
671 1074 716 1141 ad
753 1076 863 1140 beate
899 1077 1102 1142 vivendum

50 1191 76 1230 ro
92 1164 192 1229 satis
215 1185 328 1248 posse
351 1164 543 1228 virtutem.
1067 1170 1068 1175 ’

6 1315 9 1336 ς
158 1257 204 1316 M.
227 1251 274 1317 At
294 1251 425 1352 hercule
443 1250 545 1352 Bruto
567 1272 639 1316 meo
664 1251 802 1335 videtur,
826 1252 915 1318 ouius
938 1273 999 1338 ego
1022 1253 1102 1318 iudi·

6 1391 7 1404 t
91 1361 200 1494 mund.
214 1361 303 1494 plldtr
315 1337 985 1511 ffiittlppeffiigopfficqugtlzpppputplpfim
1003 1452 1103 1513 quan-

89 1520 162 1582 tum
185 1537 287 1598 ames,
310 1515 366 1580 sed
388 1515 463 1599 hoc,
485 1514 571 1598 quod
593 1515 675 1579 mihi
698 1515 764 1580 dixi
786 1515 902 1598 videri,
931 1518 1026 1600 quale
1049 1518 1101 1601 sit,

50 1630 76 1670 ιε,
92 1605 131 1670 de
155 1627 218 1694 quo
241 1627 261 1668 e
282 1606 316 1668 te
340 1603 498 1687 disputari
521 1603 605 1667 volo.

6 1701 11 1734 ³
157 1697 203 1758 M.
230 1691 355 1775 Nempe
381 1711 482 1776 negas
510 1690 551 1756 ad
577 1690 672 1754 beate
700 1691 871 1756 vivendum
900 1692 979 1758 satis
1006 1715 1102 1776 posse

91 1780 269 1846 virtutem?

158 1868 199 1934 A.
226 1867 361 1934 Prorsus
384 1888 476 1953 nego.

158 1963 204 2020 M.
227 1955 334 2032 Quid?
358 1955 399 2020 ad
416 1959 515 2040 recte,
532 1955 681 2039 honeste,
699 1954 920 2041 laudabiliter,
938 1960 1101 2041 postremo

50 2072 78 2111 ao
93 2046 135 2112 ad
156 2045 238 2110 bene
261 2044 433 2110 vivendum
457 2044 578 2110 satisne
602 2047 652 2108 est
673 2043 827 2126 praesidii
849 2045 885 2110 in
907 2045 1049 2112 virtute?

160 2133 202 2198 Α.
230 2129 325 2197 (lette
349 2133 439 2198 satis.
824 2143 828 2150 '

158 2227 204 2285 Μ.
235 2219 334 2285 Potes
365 2219 467 2304 igitur
501 2225 570 2303 aut,
601 2219 656 2304 qui
688 2219 772 2284 male
799 2219 901 2305 vivat,
931 2243 998 2288 non
1029 2245 1103 2288 eum

93 2310 248 2396 miserum
271 2307 375 2373 dicere
399 2312 468 2391 aut,
497 2329 593 2392 quem
621 2309 703 2374 bene
725 2307 861 2392 fateare,
889 2331 963 2374 eum
984 2331 1102 2396 negare

93 2398 188 2462 beate
211 2395 344 2460 vivere?

51 2510 79 2552 rs
159 2487 201 2550 A.
228 2483 349 2560 Quidni
371 2484 515 2567 possim?
537 2506 613 2549 nam
635 2485 734 2550 etiam
757 2485 793 2550 in
813 2485 984 2550 tormentis
1006 2491 1103 2570 reete,

93 2574 242 2655 honeste,
265 2571 471 2636 laudabiliter
490 2576 523 2638 et
540 2572 583 2638 ob
607 2592 679 2637 eam
701 2594 770 2637 rem
791 2571 874 2638 bene
896 2572 963 2638 vivi
985 2577 1103 2659 potest,

92 2662 170 2726 dum
193 2660 288 2726 modo
311 2659 495 2745 intellegas,
518 2659 594 2744 quid
616 2681 703 2726 nunc
726 2660 830 2726 dicam
853 2659 972 2726 ‘bene'
1019 2661 1102 2727 Dico

93 2749 179 2815 enim
208 2751 408 2832 constanter,
435 2748 591 2832 graviter,
619 2749 794 2832 sapienter,
821 2748 959 2816 fortiter.
1012 2749 1103 2815 Haec
1122 2768 1154 2817 13

93 2839 193 2903 etiam
219 2837 255 2904 in
282 2837 426 2902 eculeum
453 2835 650 2921 coiciuntur,
677 2858 740 2920 quo
767 2836 836 2901 rita
862 2858 929 2902 non
959 2838 1103 2922 adspirat

52 2952 80 2992 so
94 2926 200 2992 beate.

159 3019 206 3078 M.
229 3012 313 3089 Quid
336 3011 459 3098 igitur?
487 3012 599 3078 solane
621 3012 718 3078 beata
740 3011 822 3096 vita,
849 3034 982 3097 quaeso,
1004 3013 1102 3079 relin-

45 3138 48 3142 ·
93 3100 203 3186 quitur
219 3104 311 3166 extra
329 3101 450 3166 ostium
468 3100 629 3184 limenque
647 3101 797 3184 carceris,
820 3122 893 3166 eum
910 3103 1103 3186 constantia,

93 3189 253 3274 gravitas,
280 3189 450 3272 fortitudo,
479 3189 640 3272 snpientia
665 3189 872 3272 reliquaeque
894 3190 1032 3254 virtutes
1052 3213 1102 3256 re·
1163 3251 1166 3258 .

1128 1047 1149 1108 5

1123 1124 1155 1172 12

92 3277 225 3361 piantur
252 3277 293 3342 ad
320 3279 478 3342 tortorem
503 3276 693 3360 nullumque
719 3280 868 3343 recusent
895 3279 1102 3362 neusuppli·
1168 3351 1170 3358 ,

53 3389 80 3431 sc
94 3365 179 3432 cium
201 3387 261 3430 nee
283 3364 449 3432 dolorem?

159 3453 201 3520 A.
227 3453 289 3537 Tu,
311 3453 341 3518 si
364 3452 442 3538 quid
460 3473 494 3517 es
516 3452 673 3536 facturus,
695 3474 781 3520 nova
803 3453 911 3537 aliqua
934 3454 1102 3538 conquiras

94 3544 237 3626 oportet3
258 3541 323 3607 iste
340 3563 391 3606 me
410 3540 543 3606 minime
561 3545 705 3626 movent,
727 3563 793 3608 nou
811 3541 916 3608 solum
938 3543 1013 3626 quia
1031 3563 1102 3627 per·
1255 3609 1259 3614 ,
