2544 3952
316 237 383 292 nia.
402 239 451 294 iv.
479 237 555 296 cns.
574 244 696 295 se-as.
725 244 882 305 eso-ae.
1038 239 1102 303 411

4 429 9 448 =
40 440 42 444 ,
160 397 316 463 Dicamus
347 399 449 484 igitur
475 399 590 464 utilem
617 399 798 465 insaniam?
847 401 965 466 Tracta
993 379 1157 505 defini-25}

90 486 199 550 tiones
217 485 430 570 fortitudinis,
451 487 621 572 intelleges
640 509 711 552 eam
730 489 898 554 stomacho
915 511 982 554 non
1001 510 1103 573 egere.

90 573 264 640 Fortitudo
298 579 347 640 est
374 575 476 658 igitur
504 575 642 641 adfectio
671 576 770 641 animi
798 576 864 661 legi
894 599 1037 642 summae
1067 578 1103 642 in

90 663 310 745 perpetiendis
330 663 426 727 rebus
441 663 666 747 obtemperans
685 665 736 728 vel
755 665 957 731 conservatio
976 665 1102 730 stabilis

62 749 205 814 aiudicii
227 751 262 816 in
285 750 331 815 eis
353 751 465 835 rebus,
488 773 570 835 quae
592 750 820 817 formidolosae
842 753 1006 836 videntur,
1029 753 1104 818 sub-

92 837 206 902 eundis
222 840 254 902 et
268 837 460 921 repellendis
474 840 526 904 vel
541 839 676 903 scientia
692 861 800 904 rerum
818 839 1103 906 formidolosarum

91 925 389 1009 contrariarumque
404 930 462 991 aut
475 926 606 992 omnino
620 927 895 1012 neglegendarum
907 950 1101 995 conservans

91 1034 205 1078 earum
233 1035 340 1078 rerum
369 1015 487 1079 stabile
513 1015 667 1080 iudicium
690 1016 742 1080 vel
770 1015 912 1099 brevius,
939 1021 976 1081 ut
999 1015 1102 1101 Chry-

93 1099 206 1184 sippus
246 1099 338 1188 (nam
375 1103 557 1186 superiores
594 1102 797 1172 definitiones
834 1108 927 1169 erant
959 1103 1103 1189 Sphaeri,

48 1213 76 1256 ιο
90 1189 234 1253 hominis
261 1191 295 1254 in
322 1190 437 1275 primis
460 1191 541 1255 bene
564 1190 759 1274 definientis,
789 1195 825 1256 ut
847 1196 966 1276 putant
988 1191 1102 1276 Stoici3

10 1326 14 1338 ,
92 1280 171 1342 sunt
194 1277 280 1341 enim
307 1277 438 1343 omnino
467 1299 577 1343 omnes
599 1278 668 1343 fere
691 1279 827 1363 similes,
857 1281 913 1344 sed
937 1281 1103 1346 declarant

91 1367 273 1430 communis
300 1366 463 1450 notioneS,
495 1367 561 1430 alia
588 1367 693 1451 magis
721 1365 800 1452 alia)
833 1405 874 1414 —
903 1368 976 1445 Quo
1006 1368 1101 1433 modo

91 1453 195 1538 igitur
217 1452 441 1538 Chrysippus?
490 1453 677 1519 ‘Fortitudo
706 1454 785 1538 est’,
807 1455 927 1540 inquit,
953 1455 1102 1521 ‘scientia

91 1563 201 1606 rerum
222 1541 490 1625 perferendarum
516 1542 569 1606 vel
596 1541 734 1607 adfectio
762 1543 862 1607 animi
889 1544 923 1607 in
950 1544 1101 1626 patiendo

48 1655 76 1696 15
92 1651 131 1694 ac
149 1629 339 1714 perferendo
355 1651 498 1694 summae
516 1630 583 1714 legi
601 1651 717 1712 parens
733 1631 801 1694 sine
820 1631 957 1696 timore?
986 1630 1102 1707 Quam·

90 1719 143 1782 vis
161 1716 239 1782 licet
257 1718 452 1783 insectemur
468 1718 559 1800 istos,
578 1721 615 1782 ut
629 1715 809 1783 Carneades
829 1719 964 1802 solebat,
982 1724 1102 1804 metuo,

91 1827 133 1870 ne
148 1806 211 1870 soli
224 1805 412 1889 philosophi
426 1806 500 1871 sint.
527 1805 615 1881 Quae
631 1807 717 1871 enim
730 1789 866 1870 istarum
881 1807 1103 1872 definitionum

91 1915 159 1958 non
183 1895 288 1977 aperit
309 1895 475 1959 notionem
498 1898 657 1977 nostram,
685 1915 781 1978 quam
811 1895 967 1960 habemus
990 1916 1102 1960 omnes

92 1981 132 2046 de
165 1981 355 2047 fortitudine
387 1985 508 2047 tectam
535 1985 631 2066 atque
658 1981 861 2048 involutam?
893 2005 957 2068 qua
989 1986 1102 2066 aperta

49 2097 78 2136 ao
92 2069 164 2155 quis
188 2073 252 2155 est,
275 2071 330 2155 qui
354 2073 411 2134 aut
432 2069 584 2134 bellatori
607 2074 664 2135 aut
688 2070 877 2154 imperatori
899 2074 956 2135 aut
979 2073 1102 2136 oratori

92 2161 228 2242 quaerat
254 2159 376 2242 aliquid
397 2179 501 2244 neque
524 2179 580 2222 eos
608 2158 780 2223 existumet
804 2159 873 2223 sine
895 2159 986 2224 rabie
1016 2160 1102 2243 quic·

1 2250 6 2324 l
92 2267 191 2329 quam
213 2245 343 2311 fortiter
364 2246 470 2311 facere
491 2245 611 2330 posse?
648 2245 752 2322 Quid?
777 2244 890 2331 Stoici,
914 2247 968 2332 qui
991 2269 1102 2312 omnes
1121 2261 1156 2316 54

92 2335 282 2418 insipientes
305 2335 437 2400 insanos
457 2355 527 2398 esse
551 2335 676 2416 dicunt,
697 2354 803 2399 nonne
826 2335 890 2398 ista
913 2335 1102 2420 conligunt?

91 2421 236 2488 Remove
263 2421 524 2505 perturbationes
553 2443 763 2506 maxumeque
793 2422 1005 2506 iracundiam,
1037 2423 1103 2488 iam

48 2535 77 2577 ss
92 2509 287 2576 videbuntur
306 2515 452 2576 monstra
470 2510 583 2574 dicere.
619 2509 713 2575 Nunc
736 2512 845 2575 autem
867 2511 915 2574 ita
932 2510 1103 2595 disserunt,

93 2599 140 2664 sic
168 2620 202 2662 se
230 2598 335 2662 dicere
363 2619 474 2663 omnes
503 2598 620 2662 stultos
652 2598 808 2682 insanire,
838 2601 876 2662 ut
902 2599 986 2662 male
1017 2600 1102 2664 olere

57 2682 60 2688 ’
93 2707 188 2752 omne
212 2707 355 2765 caenam.
409 2685 456 2751 Ae
482 2707 550 2752 non
579 2707 713 2769 semper.
758 2683 946 2770 Commove,
974 2687 1102 2753 senties.
1148 2736 1155 2755 a

1 2772 3 2851 ἶ
92 2773 147 2840 Sic
169 2774 340 2840 iracundus
362 2795 430 2840 non
453 2795 580 2857 semper
600 2775 703 2839 iratus
727 2777 789 2858 est3
811 2774 946 2858 lacesse,
968 2775 1034 2839 iam
1056 2777 1103 2840 vi·

92 2861 186 2927 debis
208 2862 376 2927 furentem.
426 2861 531 2937 Quid?
557 2863 622 2927 ista
648 2862 800 2928 bellatrix
821 2862 1002 2946 iracundia,
1030 2885 1103 2930 cum

49 2951 226 3019 sodomum
245 2949 353 3028 rediit,
378 2951 482 3034 qualis
502 2954 551 3016 est
570 2971 643 3016 cum
660 2972 772 3034 uxore,
793 2972 867 3015 cum
885 2951 1007 3035 liberis,
1030 2973 1102 3016 cum

91 3038 240 3124 familia?
268 3060 310 3102 an
337 3043 407 3103 tum
435 3059 561 3122 quoque
589 3042 639 3102 est
664 3038 777 3104 utilis?
828 3034 891 3104 Est
917 3039 1017 3124 igitur
1045 3039 1102 3103 ali·

91 3124 185 3212 quid,
206 3125 293 3210 quod
311 3126 500 3210 perturbata
517 3148 607 3191 mens
625 3127 741 3191 melius
760 3127 865 3212 possit
881 3127 987 3192 facere
1005 3149 1102 3210 quam

92 3214 269 3279 constans?
284 3237 326 3278 an
338 3215 507 3299 quisquam
522 3217 631 3298 potest
641 3215 711 3280 sine
724 3215 969 3299 perturbatione
983 3216 1102 3280 mentis

91 3301 211 3370 irasci?
247 3301 336 3367 Bene
353 3303 453 3388 igitur
472 3302 589 3387 nostri,
612 3325 685 3368 cum
708 3304 818 3368 omnia
840 3307 949 3368 essent
971 3303 1004 3367 in
1027 3325 1103 3367 mo·

49 3416 78 3458 ee
92 3390 202 3454 ribus
225 3390 320 3472 vitia,
344 3390 429 3474 qnod
451 3390 575 3456 nullum
599 3395 668 3455 erat
690 3390 858 3456 iracundia
880 3391 1018 3475 foedius,
1040 3391 1102 3456 ira·

92 3477 214 3544 cundos
238 3477 325 3542 solos
348 3498 521 3543 morosos
544 3479 801 3544 nominaverunt.

160 3564 330 3631 Oratorem
352 3587 426 3632 vero
455 3566 552 3632 irasci
574 3566 705 3631 minime
731 3567 834 3651 decet,
862 3567 1013 3632 simulare
1036 3538 1154 3666 noaz}
