2438 3966
66 239 127 292 LIB.
141 239 172 298 Ι.Ι
185 237 268 292 ΟΑΡ.
286 245 327 292 12.
347 243 363 303 5
378 243 491 293 43-46.
510 237 615 293 ACAD.
629 239 748 294 PRIOR.
763 240 829 296 LIB.
844 241 878 294 11.
898 241 980 296 ARG.
1007 243 1048 306 19

42 401 120 484 lant,
153 422 240 485 quae
274 400 356 465 mihi
391 403 482 464 vetus
514 401 657 485 videtur,
691 402 848 486 siquidem
879 403 1049 469 Platonem

44 511 73 552 ex
99 490 160 554 illa
190 492 302 552 vetere
332 509 552 571 numeramus,
582 490 672 554 cuius
700 491 736 555 in
764 491 858 555 libris
887 490 969 555 nihil
997 491 1050 555 ed·

42 578 183 642 omaus
215 581 249 641 et
281 578 315 641 in
347 579 516 660 utramque
547 581 674 660 partem
705 579 809 643 multa
841 577 1050 662 disseruntur,

42 666 73 728 de
99 665 258 730 omnibus
287 665 466 750 quaeritur,
492 665 574 729 nihil
602 665 681 730 certi
705 667 833 750 dieitur3
862 666 918 730 sed
936 670 1050 732 tamen

23 753 105 837 silla,
136 776 240 837 quam
272 751 467 836 exposuisti,
498 755 602 838 vetus,
635 753 713 819 haec
743 777 828 819 nova
857 754 1049 830 nominetur,

42 864 113 925 quae
140 863 248 926 usque
277 841 318 904 ad
347 839 545 905 Carneadem
571 842 738 927 perducta,
765 843 820 927 qui
848 844 979 926 quartus
1009 843 1050 906 ab

42 930 181 994 Arcesila
203 928 283 1012 fuit,
306 929 341 993 in
364 928 475 992 eadem
499 929 691 1011 [Arcesilae]
714 932 841 996 ratIone
863 929 1050 1015 permansit.

43 1017 218 1082 Carneades
248 1020 359 1081 autem
385 1015 505 1081 nullius
532 1013 757 1102 philosophiae
785 1018 889 1102 partis
917 1019 1049 1102 ignarus

44 1111 82 1190 et,
105 1109 142 1171 ut
171 1106 314 1190 cognovi
341 1125 381 1168 ex
407 1105 462 1188 iis,
490 1106 545 1188 qui
572 1104 665 1170 illum
688 1107 871 1190 audierant,
898 1106 1050 1170 maxime-

14 1215 95 1276 uque
120 1216 161 1258 ex
191 1193 358 1278 Epicureo
386 1191 525 1270 Zenone,
553 1193 608 1276 qui
636 1213 707 1258 cum
736 1195 777 1259 ab
807 1216 845 1260 eo
873 1194 1049 1278 plurimum

44 1281 238 1360 dissentiret,
271 1289 384 1364 unum,
403 1284 514 1346 tamen
544 1285 673 1364 praeter
706 1287 828 1348 ceteros
861 1283 1050 1366 mirabatur,
1148 1351 1150 1355 ,

43 1369 215 1434 incredibili
241 1369 383 1453 quedam
405 1368 468 1432 fuit
494 1368 649 1433 facultate
678 1374 711 1435 et
739 1373 830 1454 copia
857 1371 1004 1436 dicendi..
1020 1419 1049 1435 ..

440 1563 652 1573 ——--—-------

202 1651 204 1654 Ι
288 1723 336 1794 M.
366 1652 526 1794 TULLII
555 1721 803 1796 CICERONIS
879 1756 880 1760 ¹

86 1869 644 1970 Aoununroonulu
686 1873 996 1972 Pnrouuu

359 2043 482 2102 LIBER
509 2042 729 2117 SECUNDUS,

279 2157 344 2224 QUI
362 2157 597 2214 INSCRIBITUR
614 2157 810 2214 LUCULLUS.

491 2305 594 2312 ----

357 2417 359 2422 ’
379 2411 713 2472 ARGUMENTUM.

104 2527 233 2582 Diximus
252 2543 339 2598 supra
356 2528 393 2581 ad
411 2527 641 2582 Academicorum
666 2529 852 2597 posteriorum
870 2529 974 2582 librum
990 2530 1048 2599 pri·

45 2613 112 2652 num
135 2599 256 2652 duarum
279 2598 393 2652 illarum
418 2599 574 2652 editionum
595 2599 694 2652 horum
716 2598 864 2666 librorum,
890 2616 958 2667 quas
980 2599 1049 2654 iecit

47 2667 146 2738 Cicero,
172 2667 339 2738 posterioris
365 2669 473 2723 amissis
495 2669 574 2723 libris
598 2668 687 2723 tribus
709 2668 778 2722 totis
802 2668 923 2738 primum
945 2670 1048 2726 librum

47 2754 155 2809 cumque
169 2739 304 2794 mutilum
321 2739 450 2794 relictum
469 2756 542 2808 esse,
561 2738 662 2809 prioris
681 2741 776 2794 autem
794 2738 924 2794 editionis
944 2741 1047 2796 amisso
1127 2769 1129 2774 ·

46 2808 107 2864 libro
125 2810 220 2880 priore
239 2811 360 2864 alterum
382 2810 485 2865 librum
506 2810 648 2880 integrum
671 2825 730 2864 esse
750 2812 897 2865 servatum.
940 2811 1048 2866 Horum

45 2875 171 2935 librorum
192 2880 284 2950 prior,
307 2881 382 2949 quod
409 2881 438 2936 in
461 2895 494 2934 eo
520 2880 635 2935 Catulus
661 2881 768 2949 priores
795 2881 1047 2950 partes‘obtiuuit,

47 2947 178 3005 Catulus
196 2951 352 3005 vocabatur
370 2951 405 3006 ab
424 2953 550 3017 auctore,
569 2952 652 3018 alter,
671 2949 701 3004 in
715 2967 770 3018 quo
783 2951 904 3021 primum
922 2952 1047 3020 loquitur

45 3019 181 3090 Lucullus,
196 3021 242 3075 cui
256 3020 388 3089 deinceps
401 3022 552 3090 respondet
567 3021 627 3090 ipse
643 3020 751 3086 Cicero,
769 3021 932 3075 Lucullus
950 3023 1046 3091 appel·
1126 3021 1128 3036 ³

44 3089 154 3147 labatur.
188 3092 394 3160 Argumentum
414 3093 508 3146 autem
529 3093 611 3145 huius
636 3090 702 3145 libri
724 3091 778 3146 hoc
801 3094 851 3146 est.
893 3091 1047 3160 Postquam
1124 3123 1127 3156 ς

44 3159 131 3217 Cicero
153 3163 185 3216 in
206 3161 353 3232 prooemio
377 3162 412 3216 de
429 3162 559 3216 laudibus
577 3161 699 3229 Luculli,
725 3162 760 3215 de
778 3161 908 3217 instituto
928 3178 990 3230 suc,
1011 3162 1046 3216 de
1124 3182 1126 3188 ·

44 3233 247 3302 opportunitate
265 3231 348 3286 huius
365 3231 452 3302 ipsius
471 3231 666 3302 disputationis
691 3231 773 3300 dixit,
796 3232 928 3287 Lucullus
946 3232 1011 3287 inde
1029 3249 1048 3284 a

43 3301 1046 3443 111111111111111111111111111111

43 3442 102 3499 1111
130 3447 187 3499 111;
220 3415 291 3497 Esse
314 3391 490 3512 uuuutprrroll
520 3459 590 3512 quae
619 3415 816 3512 lomprehendi
842 3442 963 3513 possint,
991 3444 1044 3498 hoo

42 3517 88 3581 eet,
116 3533 132 3570 1
160 3513 327 3570 definitione
349 3513 480 3579 Zenonis,
504 3531 588 3582 quam
609 3513 753 3582 redarguit
775 3512 869 3582 Philo,
891 3514 961 3567 talia
985 3513 1046 3568 visa

43 3585 214 3656 (φαντασίας)
238 3583 376 3654 impressa
395 3586 424 3639 et
447 3584 540 3639 efficta
562 3601 660 3650 exeo,
683 3584 756 3637 unde
776 3582 845 3652 sint,
869 3583 963 3652 qualia
986 3601 1044 3638 esso

848 3671 884 3723 ᾖ*
