2564 3950
348 233 415 289 Lm.
433 233 481 289 lv.
510 233 587 290 CAP.
609 240 730 291 12-14.
758 240 914 300 §ar-ac.
1069 237 1136 300 215

123 395 212 480 quod
235 395 269 460 in
292 416 330 460 eo
355 395 398 458 sit
421 396 593 480 optimum,
621 397 710 460 etin
734 396 801 461 eius
824 397 919 462 unius
944 404 1135 482 occupatum

124 505 196 548 esse
224 483 384 566 custodia,
410 483 613 566 reliquasque
640 487 772 548 natura‘s‘
800 485 882 549 nihil
911 485 998 550 aliud
1030 506 1135 570 agere,

123 571 190 635 nisi
213 575 250 636 ut
276 570 309 634 id
336 575 542 654 conservent,
572 571 659 654 quod
681 572 717 636 in
739 594 864 656 quaque
888 573 1047 656 optimum
1070 575 1134 638 sit?

125 659 197 735 Quo
216 659 312 723 modo
327 663 436 724 autem
451 660 619 744 optimum,
638 660 666 723 si
684 660 810 724 bonum·
823 664 990 743 praetcrea
1008 662 1134 726 nullum

95 747 198 813 aest?
253 744 311 810 Sin
338 749 457 810 autem-
473 747 598 831 reliqua
625 747 807 831 appetenda
836 751 925 832 sunt,
953 771 1021 833 cur,
1049 750 1134 832 quud

125 840 177 900 est
208 834 360 899 ultimum
392 856 499 900 rerum
535 835 800 920 appetendarum,
836 837 870 900 id
905 859 972 902 non
1009 840 1064 900 aut
1096 858 1134 900 ex

125 923 270 988 omnium
302 943 412 986 earum
448 927 506 986 aut
538 945 575 986 ex
613 923 827 1006 plurimarum
858 927 891 988 et
922 925 1134 988 maximarum

124 1010 326 1094 appetitione
349 1011 571 1076 concluditur?
621 1010 668 1075 Ut
690 1009 822 1076 Phidia·
850 1015 957 1094 potest
985 1035 1004 1076 a
1027 1013 1132 1095 primo

123 1099 294 1163 instituere
322 1098 451 1181 signum
478 1099 573 1182 idque
600 1098 765 1181 perficere,
792 1103 902 1182 potest
932 1100 972 1164 ab
997 1101 1061 1165 alic
1085 1101 1143 1164 ina

83 1215 111 1254 rc
124 1187 277 1252 choatum
309 1187 452 1270 accipere
484 1190 517 1250 et
545 1186 724 1270 absolvere,
754 1185 831 1252 huic
861 1187 976 1252 similis
1004 1192 1054 1252 est
1084 1209 1131 1253 aa·

124 1274 263 1360 pientia,
291 1295 358 1339 non
385 1274 470 1338 enim
498 1275 570 1358 ipsa
593 1275 705 1358 genuit
727 1275 904 1359 hominem,
931 1277 987 1342 sed
1011 1277 1134 1359 accepit

125 1385 146 1426 a
167 1366 283 1428 natura
304 1361 501 1428 inchoatum.
546 1361 639 1426 Hanc
667 1383 744 1448 ergo
771 1363 900 1428 intuens
925 1364 1020 1428 debet
1041 1364 1133 1428 insti·

124 1453 231 1514 tutum
258 1449 339 1514 illud
366 1450 459 1534 quasi
482 1450 611 1534 signum
639 1450 817 1515 absolvere.
868 1451 1003 1528 Qualem
1031 1452 1132 1536 igitur
1153 1471 1187 1519 35

124 1537 289 1603 hominem
311 1541 429 1604 natura
451 1538 696 1603 inchoavit‘?ct
718 1539 803 1621 quod
827 1542 877 1602 eet
899 1561 1024 1622 munus,
1050 1539 1133 1623 quod

85 1655 112 1695 15
126 1647 207 1709 opus
231 1625 431 1708 sapientiae?
455 1626 532 1709 quid
555 1629 617 1710 eet,
640 1626 726 1708 quod
745 1626 786 1690 ab
806 1647 843 1690 aa
862 1627 988 1691 absolvi
1010 1630 1042 1690 at
1064 1648 1134 1709 per·

126 1714 181 1778 fici
203 1713 340 1778 debeat?
395 1711 429 1778 Si
456 1713 540 1778 nihil
567 1715 602 1778 in
630 1735 681 1796 ec,
708 1713 793 1797 quod
820 1714 1051 1796 perficiendum
1077 1717 1134 1798 est,

125 1804 255 1885 praeter
286 1804 410 1866 motum
442 1801 566 1886 ingenii
602 1801 776 1884 quendam,
812 1801 845 1866 id
881 1805 931 1866 est
966 1803 1134 1883 rationem,

125 1911 256 1957 necesse
284 1891 333 1953 eat
360 1889 434 1953 huic
462 1888 613 1954 ultimum
641 1910 711 1954 esse
739 1911 778 1954 ex
800 1889 920 1954 virtute
946 1910 1055 1974 agerc3
1084 1910 1133 1954 ra-

125 1978 225 2042 tionis
249 1977 336 2043 enim
358 1976 513 2060 perfectio
541 1981 591 2040 est
617 1977 736 2061 virtus,
763 1977 791 2041 si
813 1976 896 2041 nihil
923 1977 986 2042 nisi
1009 1998 1134 2060 corpur,

85 2095 112 2136 ac
127 2085 255 2130 summa
272 2068 366 2132 erunt
387 2065 458 2129 illa:
481 2065 646 2148 valetud0,
669 2065 815 2130 vacuitas
839 2064 972 2149 doloris,
995 2065 1133 2148 pulchri-

124 2152 218 2236 tudo,
241 2157 357 2221 cetera.
401 2151 496 2218 Nunc
519 2153 559 2216 dc
581 2152 721 2218 hominis
745 2175 871 2218 summo
898 2152 983 2218 bono
1011 2153 1133 2236 quaeri·

124 2246 192 2326 tur;
238 2240 316 2324 quid
356 2241 457 2324 igitur
499 2240 683 2305 dubitamus
728 2241 763 2305 in
803 2243 874 2306 tota
910 2241 977 2306 eius
1016 2245 1133 2307 natura
1146 2219 1187 2342 132¹

126 2349 280 2414 quaerere
304 2329 381 2412 quid
404 2329 448 2393 sit
471 2327 640 2392 effectum?
684 2326 765 2393 (lum
789 2329 875 2393 enim
899 2331 1027 2394 constet
1049 2329 1134 2392 inter

126 2439 237 2482 omnes
261 2437 356 2480 omne
376 2416 519 2481 officium
536 2437 716 2498 munusque
735 2416 914 2498 sapientiae
937 2417 972 2479 in
991 2415 1133 2480 hominis

87 2533 112 2574 aa
127 2505 215 2570 cultu
248 2525 318 2573 esee
350 2506 555 2587 occupatum,
587 2503 643 2568 alii
670 2499 724 2588 (ne
752 2523 803 2566 me
834 2503 996 2567 existimes
1024 2505 1135 2568 contra

127 2592 253 2658 Stoicos
287 2592 401 2658 uelum
438 2588 556 2677 dicere)
599 2612 653 2654 cas
691 2590 868 2656 sententias
910 2590 1062 2673 afferunt,
1097 2595 1134 2656 ut

128 2702 287 2746 summum
308 2680 431 2746 bonum
453 2679 487 2744 in
508 2701 545 2744 eo
569 2699 684 2764 genere
706 2681 844 2762 ponant,
867 2678 953 2762 quod
977 2679 1021 2742 eit
1043 2681 1135 2742 extra

105 2772 271 2852 ‚nostram
294 2770 501 2852 potestatem,
528 2769 695 2850 tamquam
722 2766 762 2830 de
786 2766 930 2831 inanimo
955 2767 1062 2850 aliquo
1086 2767 1132 2831 lc·

126 2859 279 2940 quantur,
302 2856 358 2920 alii
377 2858 501 2938 contra,
525 2856 617 2938 quasi
636 2875 751 2938 corpus
770 2855 896 2919 nullum
915 2855 960 2920 eit
981 2855 1132 2932 hominis,
1216 2885 1218 2891 ¹

88 2972 113 3014 ac
126 2946 173 3009 ita
195 2947 324 3028 praeter
343 2944 487 3008 animum
504 2941 587 3008 nihil
607 2947 734 3026 curant,
758 2965 830 3006 cum
854 2944 1045 3025 praesertim
1063 2944 1132 3024 ipse

126 3054 251 3117 quoque
270 3032 397 3098 animus
416 3053 482 3096 non
499 3031 595 3096 inane
618 3031 726 3094 nescio
749 3031 824 3115 quid
844 3031 888 3095 sit
911 3029 1133 3114 (nequeenim

125 3121 158 3186 id
189 3141 322 3204 possum
354 3115 573 3204 intellegere),
606 3118 661 3182 aed
687 3119 722 3183 in
749 3118 889 3202 quodam
921 3139 1038 3203 genere
1066 3138 1134 3181 cor·

125 3209 226 3291 poris,
249 3211 349 3272 utne
371 3207 399 3270 is
422 3207 551 3290 quidem
574 3206 694 3271 virtute
717 3227 783 3270 una
805 3209 976 3271 contentus
1002 3205 1054 3288 sit,
1077 3204 1134 3268 scd

126 3299 258 3380 appetat
289 3295 485 3361 vacuitatem
518 3293 646 3358 doloris.
701 3293 805 3370 Quam
833 3294 874 3358 ob
904 3313 973 3357 rem
1005 3293 1133 3375 utrique

10 3395 14 3400 ’
89 3411 113 3452 aa
126 3385 209 3448 idem
232 3383 370 3466 faciunt,
397 3385 435 3447 ut
461 3382 489 3446 si
515 3383 642 3446 laevam
664 3385 788 3464 partem
815 3381 1037 3464 neglegerent,
1060 3379 1133 3443 dex-

125 3477 228 3536 teram
254 3475 435 3553 tuerentur,
464 3473 521 3534 aut
547 3469 649 3553 ipsius
683 3469 797 3549 animi,
827 3471 865 3530 ut
896 3467 973 3532 fecit
999 3467 1134 3549 Erillus,

118 3559 344 3644 cognitionem
385 3557 663 3640 amplexarentur,
704 3555 862 3620 actionem
906 3553 1134 3638 relinquerent.
