2544 3952
360 205 426 260 nna
446 206 480 261 v.
509 205 585 260 cAP.
607 193 696 260 1-3.'
722 211 842 272 sa-o.
1039 205 1104 269 427

10 423 11 428 ,
94 374 127 433 ct
148 369 210 434 hoc
233 367 408 452 parricidio
429 389 463 432 se
486 367 655 452 inquinare
676 369 772 432 audet
791 373 823 432 et
845 372 915 433 tam
935 367 1033 452 impie
1057 369 1104 433 in·

9 507 10 544 3
93 461 207 542 gratus
241 477 325 540 csse,
357 460 395 520 ut
427 477 499 521 eam
527 461 668 540 accuset,
700 479 798 541 quam
812 457 933 536 ‚vereri
966 456 1104 542 deberet,
1261 537 1262 542 ἵ

9 545 10 548 ’
94 545 223 610 etiamsi
250 546 358 610 minus
385 546 549 628 percipere
581 544 762 628 potuisset?
812 542 889 630 Sed,
916 548 953 609 ut
980 546 1104 630 opinor,
1163 571 1164 574 ¹
1261 559 1262 632 ζ

92 633 146 697 bic
165 655 255 698 error
274 636 307 698 et
328 633 408 698 haec
431 633 635 698 indoctorum
655 634 771 698 animis
792 634 895 699 offusa
916 633 1021 716 caligo
1046 636 1104 717 cst,

64 721 179 804 equod
197 725 270 787 ,tam
293 722 390 806 longe
413 725 499 787 retro
523 722 683 805 respicere
705 743 772 786 non
797 726 934 806 possunt
956 742 1016 786 neo
1039 743 1104 805 eos,

93 832 113 873 a
140 810 256 894 quibus
284 808 352 875 vita
380 811 547 875 hominum
578 811 738 875 instructa
769 811 883 893 primis
916 810 971 894 sit,
1002 807 1103 874 fuisse

9 903 10 908 ’
92 898 306 982 philosophos
331 899 492 964 arbitrant
494 922 541 964 ur.
1122 950 1142 1011 3

160 986 265 1063 Quam
292 1008 360 1052 rem
388 986 649 1072 antiquissimam
679 1009 752 1052 cum
778 988 957 1139 videamus,
986 977 1142 1088 nomen‘7'

91 1079 202 1140 tamen
230 1097 300 1140 esse
324 1076 514 1141 confitemur
540 1097 661 1140 recens.
706 1075 792 1141 Nam
816 1077 945 1159 sapient
946 1076 1012 1140 iam
1035 1076 1102 1160 qui-

51 1165 165 1228 rodem
187 1149 295 1248 ipsam
318 1164 388 1247 quis
407 1185 525 1249 negare
547 1168 605 1248 pot
606 1167 656 1228 est
672 1186 739 1229 non
757 1164 853 1229 modo
872 1185 906 1228 re
929 1185 998 1230 esse
1022 1164 1102 1228 anti-

9 1308 10 1314 ,
92 1275 203 1336 quam,
230 1273 342 1316 verum
369 1253 468 1316 etiam
495 1252 648 1318 nomine?
676 1273 757 1336 quae
785 1252 966 1317 divinarum
992 1252 1103 1316 huma·

91 1362 270 1424 uarumque
288 1362 405 1424 rerum,
425 1344 495 1406 tum
513 1340 682 1406 initiorum
701 1362 931 1424 causarumque
951 1341 1103 1425 cuiusque
1122 1367 1126 1374 ·

91 1429 139 1492 rei
158 1429 341 1513 cognitione
360 1428 422 1494 hoc
440 1428 694 1512 pulcherrimum
711 1450 829 1493 nomen
848 1428 933 1512 apud
953 1429 1102 1512 antiquos

92 1517 338 1600 adsequebatur.
386 1515 499 1601 Itaque
523 1519 555 1582 et
582 1516 656 1581 illos
686 1520 823 1601 septem,
851 1517 907 1601 qui
930 1539 949 1580 a
973 1515 1103 1580 Graecis

51 1629 77 1670 15
93 1608 210 1688 σοφοί,
239 1605 401 1690 sapientes
430 1628 450 1669 a
475 1605 595 1670 nostris
620 1608 653 1668 et
679 1605 883 1670 habebantur
905 1608 938 1668 et
958 1605 1103 1669 nomina-

9 1743 10 1748 η
92 1695 226 1776 bantur,
250 1697 282 1756 ct
300 1693 412 1758 multis
431 1697 508 1758 ante
532 1693 669 1758 sacculis
691 1692 888 1778 Lycurgum,
912 1693 1001 1758 cuius
1024 1696 1103 1758 tem-

9 1759 13 1864 1
91 1782 226 1866 poribus
249 1781 409 1847 Homerus
434 1783 533 1846 etiarn
559 1781 660 1845 fuisse
684 1784 757 1846 ante
785 1781 870 1848 hanc
892 1781 1005 1845 urbem
1029 1803 1104 1846 con-

92 1871 195 1935 ditam
222 1869 373 1953 traditur,
402 1874 435 1936 et
461 1871 527 1934 iam
554 1869 694 1935 heroicis
723 1870 885 1934 aetatibus
912 1868 1041 1934 Ulixem
1072 1873 1104 1934 et

92 1959 265 2025 Nestorem
288 1959 468 2042 accepimus
493 1962 526 2023 et
546 1958 647 2023 fuisse
671 1960 703 2022 et
725 1957 855 2022 habitos
885 1979 955 2022 csse
978 1957 1103 2040 sapien·

52 2072 79 2110 m
93 2048 146 2112 tis.
195 2047 264 2112 Nec
291 2067 366 2112 vcro
397 2047 515 2112 Atlans
543 2046 701 2111 sustinere
730 2045 854 2110 caelum
883 2067 942 2110 nec
973 2045 1138 2110 Prome-8

93 2135 188 2200 theus
226 2135 348 2199 adfixus
386 2133 529 2200 Caucaso
566 2155 677 2200 neos
662 2135 773 2200 stellat
758 2137 810 2200 tus
848 2131 995 2217 Cepheus
1031 2156 1104 2198 curn

9 2191 12 2274 l
92 2245 205 2306 uxore,
228 2244 374 2312 genem,
383 2223 451 2287 lilia
473 2223 668 2306 traderetur,
697 2223 761 2287 nisi
784 2221 972 2287 caelestium
995 2222 1104 2286 divina

94 2312 236 2396 cognitio
254 2333 373 2376 nomen
391 2333 502 2376 eorum
521 2313 561 2376 ad
580 2333 721 2378 errorem
745 2310 877 2375 fabulae
899 2310 1103 2374 traduxisset.

93 2401 124 2464 A
143 2401 257 2484 quibus
281 2400 369 2465 ducti
388 2399 537 2483 deinceps
562 2421 688 2482 omnes,
711 2399 766 2483 qui
784 2398 820 2463 in
837 2419 945 2462 rerum
964 2401 1104 2462 contem-

52 2513 79 2554 as
93 2489 237 2574 piatione
265 2488 372 2552 studia
399 2489 578 2571 ponebant,
606 2487 733 2572 sapient
734 2508 772 2554 es
719 2489 830 2552 teo
845 2486 1049 2550 habebantur
1072 2490 1104 2550 et

93 2577 304 2642 nominabant
305 2599 356 2660 ur,
384 2576 478 2660 idque
506 2597 617 2640 eorum
644 2597 763 2640 nomen
789 2595 889 2659 usque
917 2574 958 2638 ad
982 2573 1047 2656 Pyt
1033 2574 1103 2638 tha·

93 2687 192 2818 gorae
210 2627 356 2729 manavit
378 2667 451 2728 aeta
432 2668 531 2747 atem,
555 2669 721 2764 quem,ut
685 2663 857 2728 utscribit
880 2662 971 2726 audit
957 2665 1009 2727 tor
1030 2661 1103 2726 Pla-

93 2755 182 2818 tonis
201 2753 298 2818 Pont
273 2756 356 2818 trous
375 2751 575 2836 Heraclides,
600 2751 649 2816 vir
671 2751 745 2816 doct
731 2755 784 2816 tus
807 2751 842 2815 in
866 2749 1103 2834 primis,Ph1i

93 2846 206 2906 nutem
228 2842 337 2906 ferunt
364 2841 503 2924 venisse,
532 2861 667 2940 cumque
696 2861 768 2904 cum
794 2837 929 2921 Leonte,
958 2839 1103 2921 principe

52 2954 79 2993 ao
92 2930 326 3011 Phliasiorum,
363 2927 456 2993 docte
488 2932 522 2992 et
552 2929 681 3011 copiose
713 2927 901 2992 disseruisse
934 2926 1103 3010 quaedam3

93 3018 183 3082 cuius
211 3017 377 3102 ingenium
404 3021 437 3080 et
464 3017 682 3101 eloquentiam
710 3037 782 3080 cum
813 3014 988 3079 admiratus
1019 3019 1105 3078 esset
1175 3031 1189 3060 ἃ

92 3106 196 3187 Leon,
219 3105 417 3188 quaesivisse
441 3127 479 3169 ex
503 3126 554 3188 eo,
577 3127 641 3189 qua
662 3104 801 3168 maxime
825 3106 894 3166 arte
918 3103 1102 3186 confideret,

93 3198 129 3259 at
150 3194 244 3258 illum
268 3197 371 3258 artem
394 3193 523 3276 quidem
541 3214 575 3256 se
595 3192 677 3257 scire
700 3191 838 3270 nullam,
861 3190 918 3255 sed
941 3212 1009 3256 esse
1032 3190 1103 3274 phi·
1139 3266 1143 3272 Ι

91 3281 273 3366 losophum.
325 3280 531 3346 Adrniratum
562 3279 719 3346 Leontem
751 3280 930 3345 novitatem
962 3278 1103 3344 nominis

51 3395 78 3436 as
93 3370 307 3456 quaesivisse,
335 3369 467 3454 quinam
490 3372 599 3432 essent
625 3367 825 3452 philosophi,
853 3371 887 3431 et
913 3366 990 3450 quid
1019 3367 1122 3434 inter:

78 3480 148 3524 -eos
173 3463 206 3523 et
225 3458 365 3541 reliquos
389 3458 575 3540 interesset3
599 3456 821 3539 Pythagoram
841 3458 948 3518 autem
972 3472 1138 3537 respon-9

92 3548 179 3612 disse
203 3547 343 3611 similem
362 3545 425 3609 sibi
447 3545 549 3610 videri
567 3543 668 3610 vitam
690 3543 858 3609 hominum
877 3546 911 3608 et
928 3546 1104 3635 mercatum
