2544 3952
152 226 218 292 458
350 227 649 283 TUSCULANARUM
665 227 968 284 DISPUTATIONUM

152 391 273 474 ipsum,
296 389 371 474 quia
394 390 487 456 dolor
509 391 564 469 sit,
588 412 714 474 semper
735 412 804 456 esse
826 390 1028 475 fugiendum3
1052 391 1166 476 itaque

152 479 215 544 hac
241 487 375 544 usurum
402 480 665 562 compensatione
697 479 889 563 sapientem,
921 483 958 543 ut
988 483 1021 544 et
1049 480 1164 563 volup·

152 570 255 632 tatem
276 566 396 650 fugiat,
420 565 448 630 ri
471 587 510 632 aa
532 568 688 632 maiorem
711 568 854 633 dolorem
877 567 1031 632 effectura
1054 569 1107 652 sit,
1130 571 1166 632 et

152 655 297 720 dolorem
335 654 494 738 suscipiat
529 656 683 721 maiorem
722 656 915 720 efficientem
951 656 1164 740 voluptatem,

152 745 323 827 omniaque
346 743 498 827 iucunda,
521 765 714 829 quamquam
733 766 829 808 sensu
853 744 997 826 corporis
1020 744 1191 808 iudicem-5

99 851 133 900 96
151 835 218 916 tur,
241 831 282 896 ad
305 831 449 896 animum
472 831 585 896 referri
607 836 725 898 tamen.
763 831 921 909 Quocirca
942 853 1059 914 corpus
1083 853 1164 917 gau-

152 921 225 986 dere
252 923 321 984 tam
349 918 417 1003 diu,
449 918 526 986 dum
557 924 759 1004 praesentem
787 921 921 985 sentiret
951 921 1164 1004 voluptatem,
1203 943 1208 950 ‘

152 1008 295 1074 animum
319 1011 352 1071 et
374 1012 575 1092 praesentem
598 1009 762 1094 percipere
784 1009 907 1091 pariter
929 1029 1003 1074 cum
1025 1029 1164 1092 corpore

152 1100 186 1161 et
206 1096 390 1180 prospicere
412 1096 596 1162 venientem
617 1119 677 1163 nec
698 1097 907 1182 praeteritam
934 1097 1163 1179 praeterfluere

152 1185 265 1250 sinere.
290 1183 367 1248 -Ita
393 1189 565 1267 perpetuas
594 1190 626 1250 et
648 1189 822 1252 contextas·
840 1183 1027 1267 voluptates
1056 1185 1090 1248 in
1114 1205 1205 1250 sa·1o

123 1273 258 1356 ,ρ1ε111ε
280 1271 351 1337 fore
375 1293 514 1357 semper,
537 1295 609 1338 cum
628 1274 808 1358 expectatio
828 1276 1029 1357 speratarum
1047 1271 1163 1356 volup·
1248 1324 1260 1344 .

151 1364 257 1427 tatum
279 1380 348 1425 cum
370 1365 593 1445 perceptarum
616 1363 771 1428 memoria
792 1363 988 1446 iungeretur.

218 1448 327 1534 Atque
353 1447 406 1513 his
434 1448 553 1515 similia
579 1450 620 1515 ad
643 1453 765 1516 victum
792 1449 891 1515 etiam
913 1449 1163 1532 transferuntur,

153 1540 404 1620 extenuaturque
418 1539 661 1624 magnificentia
675 1542 709 1604 et
722 1542 869 1622 sumptus
883 1537 1061 1621 epularum,
1075 1537 1163 1621 quod

151 1648 252 1709 parvo
271 1625 360 1690 cultu
377 1631 494 1692 natura
512 1630 665 1693 contenta
684 1627 736 1693 sit.
770 1625 903 1692 Etenim
921 1624 993 1708 quis
1015 1626 1080 1690 hoc
1096 1647 1163 1690 non
1179 1652 1205 1692 15

152 1715 253 1796 videt,
277 1712 443 1780 desideriis
467 1716 577 1781 omnia
598 1716 665 1781 ista
687 1715 833 1781 condiri?
882 1713 1002 1779 Darius
1025 1713 1061 1778 in
1083 1713 1164 1798 fuga
1252 1731 1260 1748 ¹

152 1823 226 1867 cum
253 1823 371 1886 aquam
397 1803 563 1870 turbidam
590 1808 623 1869 et
649 1804 858 1869 cadaveribus
886 1801 1090 1886 inquinatam
1114 1802 1166 1867 bi·
1259 1815 1260 1858 1

152 1891 267 1974 bisset‚
294 1889 427 1974 negavit
453 1913 605 1976 umquam
629 1915 663 1957 se
691 1893 814 1958 bibisse
836 1890 1015 1956 iucundius.
1060 1889 1165 1955 Num·
1259 1875 1260 1955 l

153 2001 250 2065 quam
276 1976 426 2045 videlicet
457 1980 569 2045 sitiens
596 1981 733 2045 biberat.
781 1979 850 2046 Nec
877 1979 1021 2045 esuriens
1051 1978 1164 2045 Ptolo-

152 2089 263 2133 maeus
287 2066 410 2152 ederat3
437 2069 584 2134 cuicum
610 2068 798 2154 peragranti
820 2068 1007 2153 Aegyptum
1035 2067 1162 2132 comiti·
1178 2096 1205 2135 ao
1258 2139 1259 2146 χ

152 2156 213 2221 bus
236 2175 304 2220 non
326 2156 506 2220 consecutis
524 2157 664 2221 cibarius
687 2158 723 2221 in
740 2179 815 2222 casa
836 2157 931 2241 panis
954 2155 1048 2219 datus
1068 2157 1164 2237 esset,
1253 2179 1259 2236 p

152 2242 237 2310 nihil
258 2241 365 2307 visum
387 2247 437 2309 est
459 2243 517 2308 illo
540 2265 623 2328 pane
645 2245 822 2310 iucundius.
867 2242 1022 2308 Socraten
1044 2242 1164 2322 ferunt,

154 2353 226 2397 cum
248 2351 349 2414 usque
372 2332 413 2396 ad
435 2353 605 2416 vesperum
624 2334 807 2420 contentius
833 2331 1015 2398 ambularet
1036 2331 1165 2415 quaesi·

153 2425 287 2505 tumque
310 2425 396 2485 esset
418 2442 457 2485 ex
480 2442 533 2505 ec,
555 2443 655 2505 quare
676 2421 710 2486 id
731 2421 865 2503 faceret,
890 2419 1096 2502 respondisse
1120 2441 1164 2501 se,

100 2536 134 2585 98
154 2531 216 2593 quo
230 2507 346 2572 melius
361 2512 498 2592 cenaret
512 2508 670 2575 obsonare
684 2509 879 2574 ambulando
893 2507 1020 2573 famem.
1056 2506 1164 2583 Quid?
1179 2531 1205 2574 rs

152 2598 276 2662 victum
293 2592 622 2662 Lacedaemoniorum
645 2597 680 2662 in
701 2596 841 2680 philitiis
863 2617 970 2662 nonne
992 2595 1165 2661 videmus?

152 2683 220 2749 Ubi
248 2705 319 2748 cum
346 2689 503 2768 tyrannus
536 2686 715 2750 cenavisset
740 2683 933 2768 Dionysius,
962 2684 1097 2768 negavit
1129 2705 1165 2750 se
1256 2735 1257 2741 κ

152 2773 222 2837 iure
249 2770 308 2835 illo
333 2774 440 2856 nigro,
472 2773 557 2857 quod
587 2793 683 2837 cenae
715 2776 812 2856 caput
842 2776 926 2856 erat,
958 2771 1167 2840 delectatum.

152 2861 234 2926 Tum
256 2859 301 2941 is,
330 2860 386 2944 qui
411 2860 470 2924 illa
493 2864 636 2946 ceperat:
666 2859 836 2925 ‘Minime
859 2861 1009 2943 mirum3
1032 2859 1166 2925 condi·
1255 2933 1256 2940 ἵ

153 2950 280 3014 menta
303 2948 400 3013 enim
424 2947 649 3013 defuerunt?
702 2947 819 3025 ‘Quae
842 2947 1032 3014 tandem?'
1055 2948 1206 3032 inquitas
1255 2953 1256 3003 l

152 3038 218 3102 ille.
259 3033 399 3103 ‘Labor
421 3037 462 3101 in
484 3040 638 3119 venatu,
662 3036 789 3121 sudor,
812 3058 947 3102 cursus
970 3035 1017 3101 ad
1039 3035 1167 3102 Euro·

153 3129 243 3208 tam,
278 3123 413 3210 fames,
445 3125 544 3191 sitis.
597 3124 668 3188 His
700 3125 799 3189 enim
830 3125 944 3190 rebus
976 3123 1187 3190 Lacedae.
1254 3138 1255 3212 j

153 3213 365 3279 moniorum
385 3213 520 3296 epulae
539 3212 794 3278 condiuntur?
834 3213 941 3298 Atque
960 3212 1022 3278 hoc
1039 3234 1106 3278 non
1125 3235 1168 3279 ex
1254 3215 1255 3265 l

152 3302 321 3368 hominum
347 3323 437 3367 more
465 3301 583 3385 solum,
610 3301 665 3366 sed
689 3301 851 3366 etiamen
879 3301 993 3367 bestiis
1016 3301 1168 3387 intellegi

152 3394 276 3474 potest,
299 3411 395 3475 quae,
417 3393 455 3454 ut
476 3389 629 3473 quicquid
648 3388 811 3456 obiectum
830 3393 894 3474 est,
916 3389 1000 3474 quod
1023 3389 1119 3455 modo
1145 3413 1167 3455 a
1181 3411 1206 3456 es

152 3481 269 3542 natura
296 3499 362 3542 non
390 3477 434 3541 sit
464 3477 618 3560 alienum,
646 3498 684 3543 eo
713 3480 883 3543 contentae
909 3499 977 3543 non
1004 3482 1167 3562 quaerunt

99 3586 133 3636 ee
154 3565 302 3649 amplius.
352 3562 508 3630 Civitates
537 3565 695 3649 quaedam
727 3565 896 3631 universae
928 3586 1018 3631 more
1047 3565 1167 3632 doctae
1252 3635 1253 3648 ¹

99 1505 132 1554 97
