2538 3956
358 179 425 234 me.
446 181 478 234 v.
507 179 582 234 aar.
604 187 725 237 ro-re.
755 187 911 248 §ar-53.
1070 180 1135 244 443

126 339 298 404 dicandum
331 342 364 404 et
394 362 472 424 prae
505 363 538 406 ee
570 343 734 407 ferendum
763 343 814 407 ait.
867 343 989 418 Quibus
1019 343 1136 425 positis

126 429 289 512 intellegis
313 428 390 512 quid
409 433 573 514 sequatur,
598 434 631 494 et
653 430 794 515 quidem,
816 431 880 495 nisi
898 453 936 495 ea
954 431 1023 494 rita
1041 431 1137 495 beata

126 519 189 600 est,
219 539 299 600 quae
327 520 376 580 est
403 517 514 598 eadem
549 516 698 602 honesta,
731 519 776 582 ait
807 518 894 583 aliud
924 540 1053 584 neeesse
1086 523 1135 582 est

126 605 242 669 melius
271 605 339 669 vita
368 605 480 689 beata3
516 607 600 691 quod
633 607 695 670 erit
722 607 807 670 enim
835 608 1018 686 honestum,
1051 611 1135 672 certe

96 692 317 759 afatebuntur
348 715 417 757 esee
447 694 571 759 melius.
623 695 676 759 Ita
705 696 767 758 erit
795 695 891 760 beata
918 695 988 760 vita
1020 695 1135 760 melius

127 780 266 866 aliquid,
289 803 351 864 quo
376 781 452 865 quid
474 786 584 864 potest
608 782 671 848 diei
694 783 898 866 perversius?
936 782 1040 858 Quid?
1064 805 1136 848 omn

125 868 272 934 fatentur
290 869 370 933 satis
396 889 548 954 magnam
570 870 638 934 vim
661 892 730 935 esse
753 871 788 935 in
810 871 897 935 vitiis
921 871 961 936 ad
984 872 1136 936 miseram

124 957 244 1041 vitam,
262 962 369 1022 nonne
386 958 552 1023 fatendum
572 963 622 1023 est
641 959 773 1024 eandem
791 960 857 1023 vim
875 961 911 1024 ia
928 960 1047 1024 virtute
1066 981 1136 1024 eaeo

126 1045 168 1110 ad
190 1045 319 1110 beatam
342 1045 465 1110 vitam?
503 1045 746 1112 Contrariorum
768 1048 853 1112 enim
876 1048 1038 1112 contraria
1061 1051 1136 1112 sunt

82 1161 110 1200 ιο
126 1135 364 1217 consequentia.
418 1133 488 1210 Quo
520 1135 591 1200 loeo
624 1141 759 1219 quaero,
791 1158 887 1219 quam
918 1136 985 1201 vim
1016 1135 1136 1200 habeat
1155 1147 1185 1196 51

7 1263 13 1286 2
125 1222 212 1286 libra
234 1222 292 1286 illa
316 1219 465 1306 Critolai,
492 1223 547 1306 qui
571 1245 642 1287 oum
670 1223 705 1288 in
728 1224 864 1288 alteram
887 1224 1013 1288 lancem
1036 1225 1136 1288 animi

125 1311 213 1375 bona
236 1311 395 1394 imponat,
418 1311 452 1375 in
471 1311 606 1376 alteram
625 1313 769 1394 eorporis
788 1316 821 1376 et
839 1316 984 1395 externa,
1007 1315 1135 1377 tantum

125 1398 325 1482 propendere
352 1399 442 1463 illam
470 1400 561 1479 [boni
589 1400 728 1480 lancem]
756 1402 858 1483 putet,
887 1404 925 1464 ut
951 1405 1071 1464 terram
1103 1404 1136 1464 et

126 1487 231 1550 maria
255 1487 423 1571 deprimat.

84 1600 111 1640 15
195 1574 370 1660 Quid-ergo
390 1579 446 1640 aut
463 1574 550 1640 hune
568 1575 720 1659 prohibet
738 1578 794 1639 aut
807 1576 906 1640 etiam
920 1574 1136 1640 Xenocratem
1149 1571 1187 1634 18

126 1663 220 1728 illum
243 1664 471 1749 gravissimum
494 1662 774 1748 philosophorum,
797 1667 1046 1749 exaggerantem
1065 1668 1135 1728 tan-

126 1756 239 1834 topere
256 1752 422 1836 virtutem,
446 1754 672 1816 extenuantem
691 1756 798 1817 cetera
821 1755 854 1815 et
877 1751 1079 1834 abicientem,
1102 1753 1136 1816 in

126 1841 247 1904 virtute
273 1861 339 1904 non
365 1840 496 1926 beatam
519 1840 613 1905 modo
636 1841 750 1923 vitam,
779 1840 833 1905 sed
861 1841 960 1904 etiam
987 1841 1134 1904 beatissi-

127 1951 216 1994 mam
239 1927 381 2012 ponere?
405 1929 636 2013 quodquidam
655 1928 720 1992 nisi
740 1929 790 2010 fit,
813 1928 970 1992 virtutum
987 1928 1140 1992 interitus

86 2044 114 2084 ro
128 2020 349 2101 consequetur.
380 2015 466 2081 Nam
485 2017 519 2081 in
538 2038 633 2101 quem
650 2016 736 2081 eadit
753 2015 930 2101 aegritudo,
948 2017 982 2080 in
1000 2016 1135 2080 eundem
1155 2036 1187 2086 52

124 2109 251 2180 ,metum
283 2104 395 2169 eadere
426 2126 555 2170 neeesse
588 2107 650 2188 eat,
683 2107 732 2169 est
760 2105 845 2170 enim
875 2108 979 2169 metus
1009 2105 1137 2170 futurae

129 2192 339 2278 aegritudinis
386 2193 526 2258 sollicita
567 2193 777 2277 exspectatio,
818 2194 854 2257 in
895 2215 988 2278 quem
1029 2196 1137 2258 autem
1192 2223 1197 2263 ς

128 2285 247 2368 metus,
269 2281 304 2344 in
327 2280 462 2346 eundem
482 2281 637 2362 formido,
659 2280 831 2364 timiditas,
854 2293 969 2365 pavor,
991 2281 1136 2366 ignavia3

129 2389 220 2454 ergo,
243 2372 279 2434 ut
297 2369 381 2433 idem
400 2370 546 2434 vincatur
563 2368 726 2433 interdum
744 2389 803 2434 neo
824 2372 917 2452 putet
935 2369 975 2432 ad
994 2391 1027 2432 se
1045 2391 1136 2452 prae·

89 2484 115 2524 25
130 2461 258 2542 ceptum
281 2457 361 2522 illud
385 2457 477 2523 Atrei
500 2457 673 2541 pertinere:

216 2581 380 2646 Proinde
416 2578 472 2645 ita
508 2583 646 2664 parent
682 2602 720 2644 se
757 2580 798 2644 in
833 2577 926 2662 vita,
965 2583 1004 2642 ut
1034 2575 1143 2644 vinei

862 2667 1047 2733 nesciant.
1125 2727 1129 2732 .

130 2809 193 2874 Hio
222 2813 328 2874 autem
352 2809 511 2893 vincetur,
538 2812 575 2874 ut
598 2809 674 2888 dixi,
701 2830 760 2873 neo
784 2808 878 2872 modo
901 2808 1059 2890 viaeatur,
1083 2807 1138 2872 sed

132 2899 229 2962 etiam
253 2897 382 2980 serviet3
410 2900 444 2962 at
471 2918 530 2962 nos
557 2897 711 2962 virtutem
735 2919 860 2980 semper
886 2896 1023 2960 liberam
1049 2895 1138 2960 volu-

130 3009 215 3070 mus,
239 3007 366 3070 semper
388 2985 556 3069 inviotam3
581 3007 661 3069 quae
683 2985 748 3049 nisi
772 2989 859 3069 sunt,
883 2984 1011 3049 sublata
1033 2983 1137 3048 virtus

92 3079 188 3142 aoest.
233 3073 342 3158 Atque
370 3073 398 3137 ai
425 3074 460 3138 in
482 3075 600 3137 virtute
630 3075 709 3139 satis
735 3077 784 3138 eat
810 3073 965 3157 praesidii
988 3071 1028 3135 ad
1055 3071 1137 3136 bene
1157 3089 1189 3140 53

130 3162 314 3240 vivendum,
344 3163 422 3226 satis
453 3165 503 3226 est
533 3163 630 3226 etiam
658 3162 699 3226 ad
728 3161 836 3244 beate,
866 3161 947 3226 satis
975 3163 1025 3224 est
1052 3160 1138 3223 enim

131 3253 217 3316 oerte
236 3251 270 3314 in
289 3250 422 3334 virtute,
444 3253 480 3314 ut
497 3249 627 3315 fortiter
645 3245 804 3333 vivamua3
828 3249 856 3313 si
875 3247 1016 3331 fortiter,
1039 3247 1138 3312 etiam

131 3343 167 3403 ut
198 3358 317 3423 magno
350 3339 475 3419 animo,
507 3342 540 3402 et
572 3338 699 3423 quidem
731 3341 768 3402 ut
798 3336 889 3401 nulla
920 3357 954 3400 re
987 3357 1139 3419 umquam

130 3431 309 3491 terreamur
327 3447 514 3509 semperque
535 3427 633 3490 simus
658 3425 780 3490 invicti.
817 3423 980 3508 Sequitur,
1003 3428 1040 3488 ut
1057 3424 1140 3488 nihil

93 3540 118 3582 aa
131 3517 307 3600 paeniteat,
334 3513 417 3578 nihil
445 3514 540 3598 desit,
568 3514 652 3578 nihil
675 3513 794 3598 obstet,
824 3533 901 3598 ergo
931 3509 1039 3577 omnia
1066 3532 1139 3596 pro-
