2564 3952
186 217 251 284 306
381 213 679 271 TUSCULANARUM
697 213 1000 303 DISPUTATIONUM

184 379 327 464 plumbei
351 399 475 460 sumus,
498 377 576 463 quin
597 377 680 441 nihil
704 376 747 442 sit
766 377 883 442 animis
903 376 1092 461 admixtum,
1115 377 1196 440 nihil

185 471 383 551 concretum,
400 467 484 530 nihil
503 465 703 550 copulatum,
721 464 803 529 nihil
822 468 1095 550 coagmentatum,
1114 464 1196 529 nihil

185 555 309 640 duplex.
354 553 447 630 Quod
474 575 547 618 oum
574 554 621 618 ita
650 555 706 636 sit,
731 558 818 618 certe
840 575 899 618 nec
923 554 1044 617 secerni
1060 574 1129 617 neo
1152 553 1195 616 di·
1268 589 1269 628 v

184 644 250 708 vidi
273 666 332 709 nec
355 643 494 725 discerpi
515 663 574 706 nec
598 641 735 706 distrahi
758 644 880 725 potest,
909 663 950 704 ne
972 641 1106 705 interire
1130 643 1194 724 qui·
1268 647 1269 682 l

184 733 252 798 deun
284 732 394 815 igitur.
448 730 511 794 Est
542 731 628 796 enim
659 729 809 794 interitus
836 729 930 813 quasi
968 729 1131 794 discessus
1163 733 1217 794 ets

185 821 321 885 secretio
353 840 390 883 ao
418 819 595 902 diremptus
623 839 732 882 earum
760 818 915 902 partium,
943 839 1025 902 quae
1049 820 1125 882 ante
1148 819 1194 881 in-

185 909 317 973 teritum
340 908 501 972 iunctione
525 907 634 990 aliqua
656 905 860 970 tenebantur.
1269 932 1270 990 ι

251 994 311 1060 His
340 999 372 1059 et
406 995 526 1060 talibus
554 994 736 1059 rationibus
769 994 923 1059 adductus
957 991 1106 1058 Socrates
1138 1015 1196 1058 nec
1269 999 1270 1064 ι

184 1088 357 1167 patronum
385 1082 546 1168 quaesivit
569 1082 610 1146 ad
637 1081 790 1147 iudicium
813 1082 931 1165 capitis
953 1103 1013 1146 nec
1035 1081 1197 1146 iudicibus

186 1172 320 1254 supplex
333 1170 397 1235 fuit
410 1170 619 1253 adhibuitque
632 1170 768 1234 liberam
783 1171 1017 1235 contumaciam
1032 1193 1052 1234 a
1070 1171 1196 1254 magni·
1210 1196 1233 1235 ιο

184 1258 294 1323 tudine
327 1258 439 1322 animi
458 1257 600 1340 ductam,
632 1279 697 1322 non
730 1281 749 1323 a
781 1259 948 1342 superbia,
979 1262 1013 1322 et
1045 1279 1196 1342 supremo

184 1347 270 1410 vitae
294 1345 345 1410 die
373 1346 412 1410 de
440 1345 501 1410 hoc
529 1346 601 1429 ipso
624 1347 728 1412 multa
751 1346 904 1411 disseruit
927 1349 960 1410 et
983 1347 1096 1431 paucis
1120 1351 1196 1412 ante

185 1433 311 1518 diebus,
339 1456 411 1499 cum
438 1434 531 1498 facile
559 1439 672 1518 posset
695 1434 787 1500 educi
809 1456 827 1498 c
850 1434 1011 1519 custodia,
1035 1435 1143 1499 noluit
1165 1439 1198 1500 ct
1270 1456 1271 1518 ι

184 1527 252 1587 tum
276 1545 377 1606 paene
400 1522 434 1587 in
457 1522 643 1588 manniam
667 1522 870 1588 mortiferum
897 1521 978 1587 illud
1000 1527 1116 1587 tenens
1139 1545 1196 1607 po·
1270 1521 1271 1586 l

185 1611 292 1676 culum
315 1611 443 1677 locutus
462 1611 511 1675 ita
529 1616 592 1695 est,
614 1615 734 1676 utnon
753 1611 793 1675 ad
811 1614 951 1676 mortem
967 1611 1195 1694 trudi,verum
1210 1637 1234 1677 rs
1270 1607 1271 1618 ’

132 1674 175 1801 {³3
185 1699 219 1764 in
242 1700 366 1765 caelum
388 1700 549 1765 videretur
570 1699 747 1764 escendere.
782 1698 835 1763 Ita
857 1700 943 1764 enim
966 1699 1119 1764 censebat
1136 1700 1196 1764 ιιι-

185 1811 247 1872 que
270 1788 435 1866 disseruit,
462 1788 541 1853 duas
566 1809 635 1852 esse
659 1788 729 1852 vias
756 1787 964 1940 duqqlicesque
990 1809 1103 1852 cursus
1128 1789 1195 1852 ani·

185 1898 311 1941 morum
334 1899 351 1940 e
375 1897 507 1960 corpore
531 1876 759 1941 excedentium.
832 1898 885 1940 am
908 1877 963 1960 qui
986 1897 1020 1941 se
1044 1877 1195 1941 humanis

183 1965 273 2028 vitiis
302 1965 611 2030 contaminavissent
638 1969 671 2028 et
699 1986 733 2028 se
760 1968 848 2029 totos
875 1963 1062 2029 libidinibus
1090 1964 1195 2028 dedis-

185 2056 268 2134 sent,
298 2052 415 2153 quibus
439 2053 559 2116 caecati
581 2053 634 2117 vel
657 2051 783 2117 domest
784 2052 843 2117 icis
866 2053 955 2117 vitiis
983 2055 1081 2136 atque
1104 2052 1195 2137 flagi·
1209 2078 1238 2117 so

183 2139 240 2203 tiis
264 2161 298 2203 sc
320 2139 579 2222 inquinavissent
601 2141 653 2206 vel
676 2163 711 2206 re
735 2140 866 2224 publica
888 2140 1041 2205 violanda
1062 2139 1195 2206 fraudes

184 2226 399 2309 inexpiabiles
431 2228 666 2314 concepissent,
703 2229 743 2294 iis
775 2229 902 2294 devium
935 2227 1096 2313 quoddam
1133 2229 1196 2293 iter
1269 2283 1270 2286 ,

185 2335 268 2398 esse,
292 2315 450 2379 seclusum
471 2338 491 2380 a
514 2317 649 2381 concilio
673 2317 821 2400 deorum3
844 2300 901 2401 qui
924 2320 1032 2382 autem
1055 2317 1272 2382 seinte-1

184 2422 261 2488 gros
284 2407 452 2488 castosque
471 2405 702 2489 servavissent,
725 2407 905 2490 quibusque
928 2405 1043 2470 fuisset
1060 2405 1197 2470 minima
1271 2439 1272 2478 ς

185 2513 257 2556 oum
280 2493 468 2576 corporibus
493 2495 644 2577 contagio
668 2515 799 2579 seseque
821 2494 899 2557 ab
889 2494 930 2557 ris
954 2513 1081 2576 semper
1104 2515 1196 2559 sevo·
1210 2517 1237 2557 ss

185 2579 347 2645 cavissent
365 2582 568 2665 essentque
558 2605 592 2646 ιιι
611 2581 802 2666 corporibus
825 2581 976 2646 humanis
997 2581 1133 2646 vitam
1123 2583 1197 2646 nni
1271 2565 1272 2628 l

184 2668 246 2731 teti
278 2666 464 2751 deorum,
455 2671 496 2734 ris
528 2670 570 2734 ad
597 2670 685 2755 illos,
717 2692 738 2734 a
765 2670 882 2754 quibus
913 2673 1022 2735 essent
1048 2669 1197 2772 profecti,

133 2774 165 2822 va
183 2755 267 2820 redit
253 2758 323 2820 tum
341 2755 471 2821 facilem
488 2761 607 2841 patere.
641 2757 756 2842 Itaque
774 2762 1014 2841 commemorat,
990 2760 1069 2823 tut
1087 2759 1198 2843 cygni,
1271 2765 1272 2816 l

185 2843 239 2928 qui
262 2865 328 2908 non
352 2845 420 2909 sine
443 2867 541 2910 causa
563 2846 709 2930 Apollini
737 2846 835 2910 dicati
863 2847 942 2929 sint,
969 2807 1025 2911 sed
1044 2846 1130 2930 quod
1153 2847 1197 2910 ab

185 2953 223 2996 eo
251 2929 383 2996 divinat
359 2934 481 2998 t1onem
516 2932 635 2999 habere
668 2933 850 3018 videantur,
882 2955 947 3018 qua
977 2933 1236 3018 providentes
1152 2956 1236 3017 earo

184 3019 298 3103 quid
288 3041 323 3084 ιιι
345 3024 449 3085 morte
416 3022 553 3086 tboni
577 3023 633 3105 sit,
660 3044 732 3086 cum
756 3026 831 3087 cant
832 3045 853 3086 u
876 3026 909 3086 et
936 3021 1050 3106 volupt
1052 3025 1104 3086 ate
1127 3045 1197 3088 nro·

184 3108 324 3192 riantur,
351 3109 398 3173 sic
425 3110 574 3175 omnibus
602 3110 695 3175 bonis
723 3113 756 3174 et
783 3110 886 3174 doctis
911 3131 981 3175 esse
1003 3110 1197 3177 faciendum.

183 3193 253 3261 Nec
270 3219 347 3262 vero
366 3197 404 3260 de
422 3197 485 3263 hoc
508 3199 678 3282 quisquam
702 3197 850 3263 dubitare
873 3201 998 3300 posset,
1021 3199 1086 3262 nisi
1108 3199 1196 3265 idem

173 3283 278 3348 nobis
297 3285 456 3350 accideret
473 3284 645 3369 diligenter
663 3285 702 3350 de
721 3286 829 3350 animo
849 3287 922 3372 cogi
923 3286 1087 3370 tentibus,
1110 3287 1196 3372 quod

184 3370 224 3434 iis
248 3393 345 3456 saepe
367 3395 427 3437 usu
450 3375 552 3455 venit,
575 3372 630 3456 qui
648 3376 670 3454 †
690 3394 761 3437 oum
783 3375 899 3442 acriter
922 3374 1024 3440 oculis
1048 3374 1196 3441 deficien·
1209 3397 1233 3441 ss

184 3461 251 3521 tem
266 3459 368 3524 solem
381 3461 592 3562 intuerentur,
609 3464 647 3523 ut
660 3465 826 3544 aspectum
846 3461 976 3528 omnino
992 3463 1195 3548 amitterent3

185 3544 231 3607 sio
244 3547 362 3611 mentis
378 3548 463 3612 acies
478 3567 512 3612 se
531 3549 604 3631 ipsa
622 3548 750 3613 intuens
765 3570 831 3613 non
848 3571 1025 3633 numquam
1039 3549 1197 3636 hebescit,
