2552 3966
175 231 219 296 48
446 229 737 286 ACADEMIGORUM
754 230 921 286 PRIORUM

175 395 259 460 nihil
283 417 365 478 esse,
393 395 485 478 quod¹
505 394 630 478 percipi
652 394 765 477 possit.
814 393 869 459 An
891 394 925 457 in
949 415 986 460 eo
1011 393 1199 458 auctoritas

175 483 259 548 nihil
296 483 412 548 obest?
470 482 554 548 Mihi
590 482 718 566 quidem
754 481 880 546 videtur
916 483 968 547 vel
1000 483 1197 566 plurimum.

177 571 256 648 ouis
284 572 369 637 enim
396 572 461 636 ista
487 575 557 636 tam
585 575 696 656 aperte
723 571 955 656 perspicueque
978 574 1011 636 et
1035 591 1199 654 perversa

177 665 211 726 et
236 660 321 725 falsa
348 663 475 726 secutus
505 663 602 743 esset,
629 660 694 724 nisi
720 663 813 724 tanta
840 660 874 724 in
896 659 1055 742 Arcesila,
1084 660 1196 724 multo

177 750 274 814 etiam
300 750 405 814 maior
431 749 466 814 in
493 746 657 814 Carneade
685 752 718 812 et
744 747 838 832 copia
864 769 971 812 rerum
1000 750 1033 812 et
1060 747 1229 812 dicendis

176 839 225 904 vis
250 837 391 902 fuisset?
1225 848 1227 854 ’

123 897 166 1024 ἐξ)
243 925 333 991 Haec
350 925 531 990 Antiochus
552 925 618 990 fere
642 928 675 989 et
692 924 913 990 Alexandreae
933 928 1004 990 tum
1023 929 1056 990 et
1075 925 1194 990 multis

178 1017 270 1082 annis
298 1019 375 1100 post
402 1014 506 1080 multo
530 1014 627 1078 etiam
657 1013 911 1100 adseverantius,
934 1015 969 1078 in
993 1013 1089 1098 Syria
1115 1036 1195 1079 cum

178 1107 264 1170 esset
296 1124 446 1182 mecum,
468 1103 565 1187 paulo
598 1106 672 1167 ante
704 1125 801 1187 quam
833 1107 884 1168 est
914 1107 1070 1167 mortuus.
1127 1101 1195 1167 Sed

176 1195 243 1258 iam
268 1193 456 1258 confirmata
478 1213 576 1256 causa
598 1195 644 1274 tc,
671 1190 837 1255 hominem
863 1191 1096 1256 amicissimum
1123 1188 1195 1276 (me
1211 1216 1242 1254 lo

178 1285 288 1347 autem
325 1280 524 1365 appellabat)
557 1282 590 1344 et
621 1280 744 1364 aliquot
780 1280 873 1344 annis
906 1280 1068 1345 minorem
1099 1282 1195 1362 natu,

177 1391 244 1436 non
280 1369 436 1435 dubitabo
473 1390 615 1434 monere:
656 1369 759 1451 Tune,
791 1389 863 1432 cum
898 1369 999 1433 tantis
1035 1368 1194 1432 laudibus

177 1457 422 1543 philosophiam
441 1457 593 1522 extuleris
607 1455 881 1540 Hortensiumque
899 1460 1048 1522 nostrum
1066 1456 1193 1522 dissen-

177 1547 313 1613 tientem
337 1546 549 1612 commoveris
555 1596 564 1630 ,
587 1567 658 1609 earn
681 1545 922 1629 philosophiam
942 1566 1082 1629 sequere,
1106 1567 1193 1630 quae

178 1634 347 1702 confundit
368 1635 445 1700 v'era
469 1656 542 1700 cum
563 1632 670 1717 falsis,
699 1634 820 1717 spoliat
841 1655 900 1700 nos
924 1633 1059 1719 iudicio,
1080 1635 1195 1718 privat
1209 1657 1238 1697 15

179 1724 413 1810 adprobatione
441 1724 545 1801 omni,
578 1723 673 1787 orbat
704 1722 875 1805 sensibus?
928 1722 974 1787 Et
1006 1720 1193 1788 Cimmeriis

179 1814 322 1898 quidem,
349 1812 467 1897 quibus
490 1815 656 1895 aspectum
680 1811 758 1876 solis
783 1811 851 1876 sive
879 1811 957 1876 deus
981 1811 1097 1896 aliquis
1123 1809 1194 1877 sive

178 1906 297 1967 natura
316 1901 480 1965 ademerat
497 1900 564 1964 sive
583 1900 652 1964 eins
670 1899 746 1982 loci,
765 1921 860 1984 quem
878 1899 1079 1983 incolebant,
1098 1900 1195 1984 situs,

178 1991 272 2075 ignes
294 1993 405 2053 tamen
427 1988 574 2066 aderant,
597 2010 733 2072 quorum
754 1989 886 2066 illisuti
910 1988 1033 2054 lumine
1055 1988 1193 2073 licebat3

179 2079 235 2142 isti
258 2081 380 2160 autem,
403 2097 484 2160 quos
506 2080 543 2140 tu
566 2078 700 2160 probas,
722 2077 824 2141 tantis
848 2077 960 2142 offusis
983 2077 1127 2142 tenebris
1151 2099 1194 2142 ne
1209 2099 1235 2140 ao

180 2165 356 2231 scintillam
384 2165 513 2249 quidem
539 2165 641 2229 ullam
668 2165 764 2230 nobis
794 2165 834 2230 ad
860 2165 1095 2250 dispiciendum
1118 2166 1195 2230 reli-

180 2258 330 2339 querunt3
354 2275 435 2338 quos
459 2254 488 2318 si
507 2275 690 2337 sequamur,
711 2254 753 2318 iis
772 2254 885 2319 vinclis
910 2255 1010 2319 simus
1035 2253 1194 2338 adstricti,

127 2363 160 2414 01
180 2346 217 2408 ut
251 2365 312 2408 nos
349 2363 549 2409 commovere
580 2363 786 2426 nequeamus.
845 2340 981 2407 Sublata
1013 2344 1100 2407 enim
1138 2344 1194 2408 ad·

181 2432 328 2498 sensione
360 2453 489 2497 omnem
521 2433 554 2496 et
591 2435 717 2495 motum
748 2430 930 2496 animorum
962 2435 995 2495 et
1030 2433 1194 2497 actionem

179 2543 287 2586 rerum
320 2519 651 2605 sustulerunt3,qu0d
681 2539 748 2585 non
778 2520 874 2586 modo
902 2525 988 2585 recte
1016 2520 1103 2603 fieri,
1136 2521 1193 2585 sed
1208 2543 1232 2582 ra

180 2611 311 2675 omnino
334 2610 404 2674 fieri
425 2630 491 2675 non
506 2606 630 2693 potest.
682 2607 819 2673 Provide
842 2609 954 2693 etiam,
981 2631 1022 2673 ne
1045 2609 1103 2673 uni
1129 2610 1194 2674 tibi
1263 2645 1264 2650 κ

180 2699 278 2762 istam
311 2697 505 2762 sententiam
536 2697 666 2780 mipime
699 2696 794 2761 liceat
828 2696 1005 2762 defendere.
1060 2699 1115 2762 An
1147 2702 1193 2781 tu,
1262 2767 1263 2771 ,

180 2807 252 2849 curn
271 2807 322 2849 res
343 2785 577 2850 occultissimas
597 2785 759 2868 aperueris
778 2785 813 2851 in
830 2786 998 2870 lucemque
1017 2787 1193 2870 protuleris
1235 2833 1241 2846 .

179 2874 366 2957 iuratusque
384 2873 501 2937 dixeris
521 2895 559 2937 ea
576 2876 609 2938 te
628 2874 821 2957 comperisse
844 2871 944 2960 (quod
965 2873 1046 2939 mihi
1064 2897 1192 2959 quoqne
1261 2883 1262 2887 ’

179 2963 309 3045 licebat,
332 2961 387 3046 qui
410 2965 504 3026 exte
526 2963 584 3026 illa
606 2961 849 3047 cognoveram),
871 2964 1007 3050 negabis
1029 2984 1099 3028 esse
1122 2985 1192 3028 rem
1206 2988 1230 3027 a
1258 2969 1261 3024 5

180 3052 293 3134 ullam,
335 3071 415 3134 quae
455 3051 620 3135 cognosci,
661 3051 861 3134 comprendi,
904 3052 1028 3136 percipi
1063 3053 1193 3135 possit?
1259 3069 1260 3116 l

179 3139 275 3222 Vide,
304 3160 437 3223 quaeso,
461 3140 559 3202 etiam
587 3143 684 3222 atque
706 3139 817 3224 etiam,
844 3161 885 3203 ne
912 3140 1042 3205 illarum
1065 3162 1192 3226 quoque
1258 3179 1259 3230 q

180 3250 287 3293 rerum
308 3226 598 3311 pulcherrimarum
622 3250 642 3290 a
663 3231 697 3291 te
721 3227 794 3311 ipso
817 3228 982 3293 minuatur
1005 3230 1190 3294 auctoritas.
1256 3241 1258 3346 A

181 3315 269 3393 Quae
293 3337 365 3380 cum
389 3315 523 3380 dixisset
545 3316 612 3399 ille,
635 3316 730 3379 finem
754 3315 841 3381 fecit.

128 3424 161 3473 03
246 3402 438 3469 Hortensius
480 3407 588 3468 autem
632 3403 836 3469 vehementer
875 3401 1043 3471 'admirans
1088 3403 1226 3492 (quoda

182 3491 309 3574 quidem
336 3495 492 3576 perpetuo
519 3489 655 3555 Lucullo
682 3491 834 3576 loquente
863 3493 997 3580 fecerat,
1028 3496 1066 3559 ut
1093 3496 1191 3561 etiam
1253 3491 1256 3573 l

182 3600 297 3645 manus
329 3601 423 3664 saepe
463 3579 605 3664 tolleret3
641 3600 700 3645 nec
732 3580 862 3667 mirum,
899 3604 977 3647 nam
1014 3604 1191 3668 numquam

1246 3809 1253 3923 1
