<?xml version="1.0" encoding="UTF-8"?>
<!DOCTYPE html PUBLIC "-//W3C//DTD XHTML 1.0 Transitional//EN"
    "http://www.w3.org/TR/xhtml1/DTD/xhtml1-transitional.dtd">
<html xmlns="http://www.w3.org/1999/xhtml" xml:lang="en" lang="en">
 <head>
  <title>
</title>
<meta http-equiv="Content-Type" content="text/html;charset=utf-8" />
  <meta name='ocr-system' content='tesseract 3.04.00' />
  <meta name='ocr-capabilities' content='ocr_page ocr_carea ocr_par ocr_line ocrx_word'/>
</head>
<body>
  <div class='ocr_page' id='page_1' title='image "./scriptaquaemans00unkngoog_0445.png"; bbox 0 0 2544 3952; ppageno 0'>
   <div class='ocr_carea' id='block_1_1' title="bbox 81 162 974 262">
    <p class='ocr_par' dir='ltr' id='par_1_1' title="bbox 81 162 974 262">
     <span class='ocr_line' id='line_1_1' title="bbox 81 162 974 262; baseline -0.017 -5"><span class='ocrx_word' id='word_1_1' title='bbox 81 251 86 262; x_wconf 94' lang='grc'><em>,</em></span> <span class='ocrx_word' id='word_1_2' title='bbox 148 162 222 255; x_wconf 79' lang='grc'>392</span> <span class='ocrx_word' id='word_1_3' title='bbox 353 187 654 244; x_wconf 76' lang='lat' dir='ltr'>nuscunuuuaou</span> <span class='ocrx_word' id='word_1_4' title='bbox 673 188 974 244; x_wconf 74' lang='lat' dir='ltr'>nrsrurlrrouuu</span> 
     </span>
    </p>
   </div>
   <div class='ocr_carea' id='block_1_2' title="bbox 32 319 1268 3598">
    <p class='ocr_par' dir='ltr' id='par_1_2' title="bbox 32 319 1268 3080">
     <span class='ocr_line' id='line_1_2' title="bbox 148 319 1268 444; baseline -0.001 -26"><span class='ocrx_word' id='word_1_5' title='bbox 148 353 230 419; x_wconf 80' lang='lat' dir='ltr'>¹et</span> <span class='ocrx_word' id='word_1_6' title='bbox 220 357 314 418; x_wconf 87' lang='lat' dir='ltr'>mstrt</span> <span class='ocrx_word' id='word_1_7' title='bbox 272 353 371 417; x_wconf 89' lang='lat' dir='ltr'>tituta</span> <span class='ocrx_word' id='word_1_8' title='bbox 395 354 627 436; x_wconf 74' lang='lat' dir='ltr'>cognoscerent</span> <span class='ocrx_word' id='word_1_9' title='bbox 648 319 797 436; x_wconf 87' lang='lat' dir='ltr'>regisque</span> <span class='ocrx_word' id='word_1_10' title='bbox 821 353 889 416; x_wconf 90' lang='lat' dir='ltr'>eius</span> <span class='ocrx_word' id='word_1_11' title='bbox 914 353 1113 436; x_wconf 71' lang='lat' dir='ltr'>aequitatem</span> <span class='ocrx_word' id='word_1_12' title='bbox 1137 356 1171 417; x_wconf 90' lang='lat' dir='ltr'>et</span> <span class='ocrx_word' id='word_1_13' title='bbox 1267 363 1268 444; x_wconf 62' lang='lat' dir='ltr'>l</span> 
     </span>
     <span class='ocr_line' id='line_1_3' title="bbox 158 439 1268 528; baseline -0.004 -21"><span class='ocrx_word' id='word_1_14' title='bbox 158 441 385 526; x_wconf 88' lang='lat' dir='ltr'>sapientiama</span> <span class='ocrx_word' id='word_1_15' title='bbox 404 440 580 505; x_wconf 89' lang='lat' dir='ltr'>maioribus</span> <span class='ocrx_word' id='word_1_16' title='bbox 599 439 666 503; x_wconf 89' lang='lat' dir='ltr'>suis</span> <span class='ocrx_word' id='word_1_17' title='bbox 686 440 896 522; x_wconf 73' lang='lat' dir='ltr'>accepissent,</span> <span class='ocrx_word' id='word_1_18' title='bbox 915 444 1039 504; x_wconf 91' lang='lat' dir='ltr'>aetates</span> <span class='ocrx_word' id='word_1_19' title='bbox 1059 444 1170 507; x_wconf 88' lang='lat' dir='ltr'>autem</span> <span class='ocrx_word' id='word_1_20' title='bbox 1267 519 1268 528; x_wconf 8' lang='grc' dir='ltr'>ἵ</span> 
     </span>
     <span class='ocr_line' id='line_1_4' title="bbox 159 529 1171 614; baseline -0.001 -19"><span class='ocrx_word' id='word_1_21' title='bbox 159 535 204 595; x_wconf 91' lang='lat' dir='ltr'>et</span> <span class='ocrx_word' id='word_1_22' title='bbox 217 533 365 614; x_wconf 80' lang='lat' dir='ltr'>tempora</span> <span class='ocrx_word' id='word_1_23' title='bbox 392 529 581 612; x_wconf 82' lang='lat' dir='ltr'>ignorarent</span> <span class='ocrx_word' id='word_1_24' title='bbox 607 531 742 611; x_wconf 87' lang='lat' dir='ltr'>propter</span> <span class='ocrx_word' id='word_1_25' title='bbox 765 531 974 613; x_wconf 87' lang='lat' dir='ltr'>vetustatem,</span> <span class='ocrx_word' id='word_1_26' title='bbox 1002 550 1089 614; x_wconf 86' lang='lat' dir='ltr'>eum,</span> <span class='ocrx_word' id='word_1_27' title='bbox 1113 530 1171 614; x_wconf 89' lang='lat' dir='ltr'>qui</span> 
     </span>
     <span class='ocr_line' id='line_1_5' title="bbox 158 615 1170 702; baseline -0.002 -20"><span class='ocrx_word' id='word_1_28' title='bbox 158 618 318 702; x_wconf 82' lang='lat' dir='ltr'>sapientia</span> <span class='ocrx_word' id='word_1_29' title='bbox 336 617 519 694; x_wconf 84' lang='lat' dir='ltr'>excelleret,</span> <span class='ocrx_word' id='word_1_30' title='bbox 537 615 745 699; x_wconf 82' lang='lat' dir='ltr'>Pythagorae</span> <span class='ocrx_word' id='word_1_31' title='bbox 764 616 946 682; x_wconf 82' lang='lat' dir='ltr'>auditorem</span> <span class='ocrx_word' id='word_1_32' title='bbox 963 616 1170 682; x_wconf 79' lang='lat' dir='ltr'>crediderumt</span> 
     </span>
     <span class='ocr_line' id='line_1_6' title="bbox 119 704 1203 789; baseline -0.001 -16"><span class='ocrx_word' id='word_1_33' title='bbox 119 707 267 774; x_wconf 77' lang='lat' dir='ltr'>2fuisse.</span> <span class='ocrx_word' id='word_1_34' title='bbox 312 705 357 770; x_wconf 82' lang='lat' dir='ltr'>Et</span> <span class='ocrx_word' id='word_1_35' title='bbox 386 705 425 768; x_wconf 90' lang='lat' dir='ltr'>de</span> <span class='ocrx_word' id='word_1_36' title='bbox 448 704 633 769; x_wconf 89' lang='lat' dir='ltr'>coniectura</span> <span class='ocrx_word' id='word_1_37' title='bbox 655 704 784 788; x_wconf 92' lang='lat' dir='ltr'>quidem</span> <span class='ocrx_word' id='word_1_38' title='bbox 807 704 974 770; x_wconf 87' lang='lat' dir='ltr'>hactenus.</span> <span class='ocrx_word' id='word_1_39' title='bbox 1018 704 1203 789; x_wconf 76' lang='lat' dir='ltr'>Vestigias</span> 
     </span>
     <span class='ocr_line' id='line_1_7' title="bbox 159 793 1171 878; baseline -0.001 -19"><span class='ocrx_word' id='word_1_40' title='bbox 159 798 266 860; x_wconf 87' lang='lat' dir='ltr'>autem</span> <span class='ocrx_word' id='word_1_41' title='bbox 279 793 557 878; x_wconf 83' lang='lat' dir='ltr'>Pythagoreorum</span> <span class='ocrx_word' id='word_1_42' title='bbox 571 813 767 877; x_wconf 88' lang='lat' dir='ltr'>quamquam</span> <span class='ocrx_word' id='word_1_43' title='bbox 780 793 884 858; x_wconf 89' lang='lat' dir='ltr'>multa</span> <span class='ocrx_word' id='word_1_44' title='bbox 898 793 1008 878; x_wconf 87' lang='lat' dir='ltr'>colligi</span> <span class='ocrx_word' id='word_1_45' title='bbox 1022 797 1171 878; x_wconf 87' lang='lat' dir='ltr'>possunt,</span> 
     </span>
     <span class='ocr_line' id='line_1_8' title="bbox 157 881 1170 967; baseline -0.008 -15"><span class='ocrx_word' id='word_1_46' title='bbox 157 884 268 967; x_wconf 83' lang='lat' dir='ltr'>paucis</span> <span class='ocrx_word' id='word_1_47' title='bbox 286 886 395 946; x_wconf 90' lang='lat' dir='ltr'>tamen</span> <span class='ocrx_word' id='word_1_48' title='bbox 413 884 548 964; x_wconf 87' lang='lat' dir='ltr'>utemur,</span> <span class='ocrx_word' id='word_1_49' title='bbox 571 881 724 965; x_wconf 90' lang='lat' dir='ltr'>quoniam</span> <span class='ocrx_word' id='word_1_50' title='bbox 742 903 809 945; x_wconf 89' lang='lat' dir='ltr'>nou</span> <span class='ocrx_word' id='word_1_51' title='bbox 827 881 861 945; x_wconf 91' lang='lat' dir='ltr'>id</span> <span class='ocrx_word' id='word_1_52' title='bbox 879 882 988 965; x_wconf 87' lang='lat' dir='ltr'>agitur</span> <span class='ocrx_word' id='word_1_53' title='bbox 1006 881 1068 947; x_wconf 92' lang='lat' dir='ltr'>hoc</span> <span class='ocrx_word' id='word_1_54' title='bbox 1086 886 1170 947; x_wconf 92' lang='grc' dir='ltr'>ιιιιι-</span> 
     </span>
     <span class='ocr_line' id='line_1_9' title="bbox 32 968 1172 1054; baseline -0.002 -18"><span class='ocrx_word' id='word_1_55' title='bbox 32 1041 34 1046; x_wconf 68' lang='lat'>,</span> <span class='ocrx_word' id='word_1_56' title='bbox 156 993 243 1054; x_wconf 86' lang='lat' dir='ltr'>pore.</span> <span class='ocrx_word' id='word_1_57' title='bbox 292 968 379 1036; x_wconf 90' lang='lat' dir='ltr'>Nam</span> <span class='ocrx_word' id='word_1_58' title='bbox 406 991 479 1033; x_wconf 88' lang='lat' dir='ltr'>cum</span> <span class='ocrx_word' id='word_1_59' title='bbox 506 969 703 1034; x_wconf 83' lang='lat' dir='ltr'>carminibus</span> <span class='ocrx_word' id='word_1_60' title='bbox 731 969 820 1033; x_wconf 90' lang='lat' dir='ltr'>soliti</span> <span class='ocrx_word' id='word_1_61' title='bbox 847 969 897 1033; x_wconf 94' lang='lat' dir='ltr'>illi</span> <span class='ocrx_word' id='word_1_62' title='bbox 922 991 992 1036; x_wconf 86' lang='lat' dir='ltr'>esse</span> <span class='ocrx_word' id='word_1_63' title='bbox 1020 970 1172 1035; x_wconf 87' lang='lat' dir='ltr'>dicantur</span> 
     </span>
     <span class='ocr_line' id='line_1_10' title="bbox 158 1057 1170 1143; baseline 0 -19"><span class='ocrx_word' id='word_1_64' title='bbox 158 1064 190 1124; x_wconf 91' lang='lat' dir='ltr'>et</span> <span class='ocrx_word' id='word_1_65' title='bbox 208 1062 381 1143; x_wconf 89' lang='lat' dir='ltr'>praecepta</span> <span class='ocrx_word' id='word_1_66' title='bbox 398 1057 556 1141; x_wconf 88' lang='lat' dir='ltr'>quaedam</span> <span class='ocrx_word' id='word_1_67' title='bbox 575 1057 732 1121; x_wconf 84' lang='lat' dir='ltr'>occultius</span> <span class='ocrx_word' id='word_1_68' title='bbox 750 1057 878 1122; x_wconf 84' lang='lat' dir='ltr'>tradere</span> <span class='ocrx_word' id='word_1_69' title='bbox 898 1061 930 1122; x_wconf 93' lang='lat' dir='ltr'>et</span> <span class='ocrx_word' id='word_1_70' title='bbox 947 1063 1072 1124; x_wconf 88' lang='lat' dir='ltr'>mentes</span> <span class='ocrx_word' id='word_1_71' title='bbox 1092 1081 1170 1124; x_wconf 86' lang='lat' dir='ltr'>suas</span> 
     </span>
     <span class='ocr_line' id='line_1_11' title="bbox 158 1145 1217 1230; baseline 0.003 -18"><span class='ocrx_word' id='word_1_72' title='bbox 158 1171 177 1212; x_wconf 91' lang='lat' dir='ltr'>a</span> <span class='ocrx_word' id='word_1_73' title='bbox 206 1146 442 1230; x_wconf 87' lang='lat' dir='ltr'>cogitationum</span> <span class='ocrx_word' id='word_1_74' title='bbox 471 1145 651 1210; x_wconf 89' lang='lat' dir='ltr'>intentione</span> <span class='ocrx_word' id='word_1_75' title='bbox 681 1148 776 1210; x_wconf 88' lang='lat' dir='ltr'>cantu</span> <span class='ocrx_word' id='word_1_76' title='bbox 803 1145 984 1230; x_wconf 85' lang='lat' dir='ltr'>fidibusque</span> <span class='ocrx_word' id='word_1_77' title='bbox 1013 1147 1058 1210; x_wconf 91' lang='lat' dir='ltr'>ad·</span> <span class='ocrx_word' id='word_1_78' title='bbox 1079 1150 1169 1212; x_wconf 86' lang='lat' dir='ltr'>tran·</span> <span class='ocrx_word' id='word_1_79' title='bbox 1187 1177 1217 1216; x_wconf 86' lang='lat' dir='ltr'>ro</span> 
     </span>
     <span class='ocr_line' id='line_1_12' title="bbox 158 1234 1170 1320; baseline 0 -21"><span class='ocrx_word' id='word_1_80' title='bbox 158 1234 352 1320; x_wconf 89' lang='lat' dir='ltr'>quillitatcm</span> <span class='ocrx_word' id='word_1_81' title='bbox 379 1234 558 1317; x_wconf 71' lang='lat' dir='ltr'>traducere,</span> <span class='ocrx_word' id='word_1_82' title='bbox 585 1234 806 1318; x_wconf 86' lang='lat' dir='ltr'>gravissumus</span> <span class='ocrx_word' id='word_1_83' title='bbox 830 1239 943 1299; x_wconf 88' lang='lat' dir='ltr'>auctor</span> <span class='ocrx_word' id='word_1_84' title='bbox 968 1235 1004 1299; x_wconf 91' lang='lat' dir='ltr'>in</span> <span class='ocrx_word' id='word_1_85' title='bbox 1026 1235 1170 1320; x_wconf 88' lang='lat' dir='ltr'>Origini·</span> 
     </span>
     <span class='ocr_line' id='line_1_13' title="bbox 157 1320 1169 1406; baseline 0.001 -19"><span class='ocrx_word' id='word_1_86' title='bbox 157 1324 217 1387; x_wconf 88' lang='lat' dir='ltr'>bus</span> <span class='ocrx_word' id='word_1_87' title='bbox 246 1322 328 1386; x_wconf 85' lang='lat' dir='ltr'>dixit</span> <span class='ocrx_word' id='word_1_88' title='bbox 355 1320 436 1387; x_wconf 85' lang='lat' dir='ltr'>Oato</span> <span class='ocrx_word' id='word_1_89' title='bbox 464 1343 586 1387; x_wconf 86' lang='lat' dir='ltr'>morem</span> <span class='ocrx_word' id='word_1_90' title='bbox 614 1321 700 1405; x_wconf 87' lang='lat' dir='ltr'>apud</span> <span class='ocrx_word' id='word_1_91' title='bbox 727 1322 864 1387; x_wconf 87' lang='lat' dir='ltr'>maiores</span> <span class='ocrx_word' id='word_1_92' title='bbox 890 1322 975 1387; x_wconf 89' lang='lat' dir='ltr'>hunc</span> <span class='ocrx_word' id='word_1_93' title='bbox 998 1324 1169 1406; x_wconf 88' lang='lat' dir='ltr'>epularum</span> 
     </span>
     <span class='ocr_line' id='line_1_14' title="bbox 156 1409 1171 1495; baseline 0.002 -21"><span class='ocrx_word' id='word_1_94' title='bbox 156 1411 270 1494; x_wconf 86' lang='lat' dir='ltr'>fuisse,</span> <span class='ocrx_word' id='word_1_95' title='bbox 288 1414 326 1475; x_wconf 91' lang='lat' dir='ltr'>ut</span> <span class='ocrx_word' id='word_1_96' title='bbox 343 1410 507 1495; x_wconf 82' lang='lat' dir='ltr'>deinceps,</span> <span class='ocrx_word' id='word_1_97' title='bbox 525 1410 580 1494; x_wconf 91' lang='lat' dir='ltr'>qui</span> <span class='ocrx_word' id='word_1_98' title='bbox 599 1409 803 1492; x_wconf 88' lang='lat' dir='ltr'>accubarent,</span> <span class='ocrx_word' id='word_1_99' title='bbox 822 1415 974 1474; x_wconf 87' lang='lat' dir='ltr'>canerent</span> <span class='ocrx_word' id='word_1_100' title='bbox 992 1411 1034 1476; x_wconf 90' lang='lat' dir='ltr'>ad</span> <span class='ocrx_word' id='word_1_101' title='bbox 1051 1412 1171 1476; x_wconf 89' lang='lat' dir='ltr'>tibiam</span> 
     </span>
     <span class='ocr_line' id='line_1_15' title="bbox 157 1497 1169 1583; baseline 0 -19"><span class='ocrx_word' id='word_1_102' title='bbox 157 1500 319 1564; x_wconf 86' lang='lat' dir='ltr'>clarorum</span> <span class='ocrx_word' id='word_1_103' title='bbox 337 1498 479 1564; x_wconf 86' lang='lat' dir='ltr'>virorum</span> <span class='ocrx_word' id='word_1_104' title='bbox 501 1497 613 1563; x_wconf 88' lang='lat' dir='ltr'>laudes</span> <span class='ocrx_word' id='word_1_105' title='bbox 634 1501 731 1582; x_wconf 91' lang='lat' dir='ltr'>atque</span> <span class='ocrx_word' id='word_1_106' title='bbox 754 1499 899 1563; x_wconf 86' lang='lat' dir='ltr'>virtutes.</span> <span class='ocrx_word' id='word_1_107' title='bbox 934 1497 986 1563; x_wconf 78' lang='lat' dir='ltr'>Ex</span> <span class='ocrx_word' id='word_1_108' title='bbox 1009 1521 1073 1583; x_wconf 93' lang='lat' dir='ltr'>quo</span> <span class='ocrx_word' id='word_1_109' title='bbox 1095 1521 1169 1583; x_wconf 88' lang='lat' dir='ltr'>per-</span> 
     </span>
     <span class='ocr_line' id='line_1_16' title="bbox 158 1585 1217 1671; baseline 0.005 -19"><span class='ocrx_word' id='word_1_110' title='bbox 158 1587 302 1671; x_wconf 89' lang='lat' dir='ltr'>spicuum</span> <span class='ocrx_word' id='word_1_111' title='bbox 335 1591 385 1652; x_wconf 88' lang='lat' dir='ltr'>est</span> <span class='ocrx_word' id='word_1_112' title='bbox 414 1590 446 1650; x_wconf 91' lang='grc' dir='ltr'>ιι</span> <span class='ocrx_word' id='word_1_113' title='bbox 478 1589 589 1650; x_wconf 87' lang='lat' dir='ltr'>cantus</span> <span class='ocrx_word' id='word_1_114' title='bbox 619 1589 690 1650; x_wconf 90' lang='lat' dir='ltr'>tum</span> <span class='ocrx_word' id='word_1_115' title='bbox 718 1585 818 1650; x_wconf 64' lang='lat' dir='ltr'>fidisse</span> <span class='ocrx_word' id='word_1_116' title='bbox 849 1587 1021 1671; x_wconf 85' lang='lat' dir='ltr'>discriptos</span> <span class='ocrx_word' id='word_1_117' title='bbox 1052 1610 1170 1653; x_wconf 83' lang='lat' dir='ltr'>vocum</span> <span class='ocrx_word' id='word_1_118' title='bbox 1186 1619 1217 1658; x_wconf 71' lang='grc' dir='ltr'>ιι</span> 
     </span>
     <span class='ocr_line' id='line_1_17' title="bbox 121 1674 1171 1758; baseline -0.002 -15"><span class='ocrx_word' id='word_1_119' title='bbox 121 1676 246 1745; x_wconf 73' lang='lat' dir='ltr'>roonis</span> <span class='ocrx_word' id='word_1_120' title='bbox 274 1679 309 1740; x_wconf 89' lang='lat' dir='ltr'>et</span> <span class='ocrx_word' id='word_1_121' title='bbox 334 1676 485 1740; x_wconf 89' lang='lat' dir='ltr'>carmina.</span> <span class='ocrx_word' id='word_1_122' title='bbox 535 1674 738 1758; x_wconf 82' lang='lat' dir='ltr'>Quamquam</span> <span class='ocrx_word' id='word_1_123' title='bbox 770 1674 803 1737; x_wconf 92' lang='lat' dir='ltr'>id</span> <span class='ocrx_word' id='word_1_124' title='bbox 832 1675 961 1758; x_wconf 89' lang='lat' dir='ltr'>quidem</span> <span class='ocrx_word' id='word_1_125' title='bbox 989 1677 1087 1740; x_wconf 91' lang='lat' dir='ltr'>etiam</span> <span class='ocrx_word' id='word_1_126' title='bbox 1117 1695 1171 1741; x_wconf 84' lang='lat' dir='ltr'>xn</span> 
     </span>
     <span class='ocr_line' id='line_1_18' title="bbox 156 1761 1169 1850; baseline 0.002 -22"><span class='ocrx_word' id='word_1_127' title='bbox 156 1763 286 1829; x_wconf 90' lang='lat' dir='ltr'>tabulae</span> <span class='ocrx_word' id='word_1_128' title='bbox 306 1763 480 1846; x_wconf 88' lang='lat' dir='ltr'>declarant,</span> <span class='ocrx_word' id='word_1_129' title='bbox 498 1761 591 1826; x_wconf 89' lang='lat' dir='ltr'>condi</span> <span class='ocrx_word' id='word_1_130' title='bbox 608 1763 674 1826; x_wconf 91' lang='lat' dir='ltr'>iam</span> <span class='ocrx_word' id='word_1_131' title='bbox 692 1765 762 1826; x_wconf 91' lang='lat' dir='ltr'>tum</span> <span class='ocrx_word' id='word_1_132' title='bbox 781 1763 914 1827; x_wconf 87' lang='lat' dir='ltr'>solitum</span> <span class='ocrx_word' id='word_1_133' title='bbox 933 1786 1002 1829; x_wconf 90' lang='lat' dir='ltr'>esse</span> <span class='ocrx_word' id='word_1_134' title='bbox 1022 1785 1169 1850; x_wconf 67' lang='lat' dir='ltr'>carmem</span> 
     </span>
     <span class='ocr_line' id='line_1_19' title="bbox 157 1850 1169 1938; baseline 0.002 -22"><span class='ocrx_word' id='word_1_135' title='bbox 157 1853 243 1938; x_wconf 90' lang='lat' dir='ltr'>quod</span> <span class='ocrx_word' id='word_1_136' title='bbox 268 1873 308 1918; x_wconf 89' lang='lat' dir='ltr'>ne</span> <span class='ocrx_word' id='word_1_137' title='bbox 335 1851 448 1915; x_wconf 88' lang='lat' dir='ltr'>liceret</span> <span class='ocrx_word' id='word_1_138' title='bbox 474 1850 544 1914; x_wconf 90' lang='lat' dir='ltr'>fieri</span> <span class='ocrx_word' id='word_1_139' title='bbox 572 1851 612 1914; x_wconf 87' lang='lat' dir='ltr'>ad</span> <span class='ocrx_word' id='word_1_140' title='bbox 640 1850 774 1916; x_wconf 88' lang='lat' dir='ltr'>alterius</span> <span class='ocrx_word' id='word_1_141' title='bbox 801 1851 967 1936; x_wconf 86' lang='lat' dir='ltr'>iniuriam,</span> <span class='ocrx_word' id='word_1_142' title='bbox 994 1853 1065 1937; x_wconf 88' lang='lat' dir='ltr'>lege</span> <span class='ocrx_word' id='word_1_143' title='bbox 1095 1875 1169 1919; x_wconf 88' lang='lat' dir='ltr'>san·</span> 
     </span>
     <span class='ocr_line' id='line_1_20' title="bbox 155 1938 1169 2025; baseline 0.002 -21"><span class='ocrx_word' id='word_1_144' title='bbox 155 1944 279 2004; x_wconf 86' lang='lat' dir='ltr'>xerunt.</span> <span class='ocrx_word' id='word_1_145' title='bbox 333 1938 402 2004; x_wconf 86' lang='lat' dir='ltr'>Nec</span> <span class='ocrx_word' id='word_1_146' title='bbox 436 1960 511 2004; x_wconf 86' lang='lat' dir='ltr'>vcro</span> <span class='ocrx_word' id='word_1_147' title='bbox 543 1938 622 2003; x_wconf 91' lang='lat' dir='ltr'>illud</span> <span class='ocrx_word' id='word_1_148' title='bbox 654 1960 721 2003; x_wconf 87' lang='lat' dir='ltr'>non</span> <span class='ocrx_word' id='word_1_149' title='bbox 753 1939 949 2004; x_wconf 89' lang='lat' dir='ltr'>eruditorum</span> <span class='ocrx_word' id='word_1_150' title='bbox 983 1945 1169 2025; x_wconf 87' lang='lat' dir='ltr'>temporum</span> 
     </span>
     <span class='ocr_line' id='line_1_21' title="bbox 157 2027 1213 2131; baseline 0.006 -39"><span class='ocrx_word' id='word_1_151' title='bbox 157 2030 383 2128; x_wconf 82' lang='lat' dir='ltr'>argumentum</span> <span class='ocrx_word' id='word_1_152' title='bbox 415 2032 478 2111; x_wconf 88' lang='lat' dir='ltr'>est,</span> <span class='ocrx_word' id='word_1_153' title='bbox 514 2027 600 2110; x_wconf 91' lang='lat' dir='ltr'>quod</span> <span class='ocrx_word' id='word_1_154' title='bbox 636 2031 669 2091; x_wconf 91' lang='lat' dir='ltr'>et</span> <span class='ocrx_word' id='word_1_155' title='bbox 705 2027 838 2092; x_wconf 90' lang='lat' dir='ltr'>deorum</span> <span class='ocrx_word' id='word_1_156' title='bbox 873 2029 1109 2131; x_wconf 39' lang='lat' dir='ltr'>pulvinaribus·</span> <span class='ocrx_word' id='word_1_157' title='bbox 1135 2035 1169 2094; x_wconf 89' lang='lat' dir='ltr'>et</span> <span class='ocrx_word' id='word_1_158' title='bbox 1183 2061 1213 2099; x_wconf 77' lang='lat' dir='ltr'>so</span> 
     </span>
     <span class='ocr_line' id='line_1_22' title="bbox 157 2114 1168 2217; baseline 0.003 -37"><span class='ocrx_word' id='word_1_159' title='bbox 157 2117 258 2217; x_wconf 88' lang='lat' dir='ltr'>epulis</span> <span class='ocrx_word' id='word_1_160' title='bbox 282 2115 534 2200; x_wconf 86' lang='lat' dir='ltr'>magistratuum</span> <span class='ocrx_word' id='word_1_161' title='bbox 559 2114 639 2179; x_wconf 88' lang='lat' dir='ltr'>fides</span> <span class='ocrx_word' id='word_1_162' title='bbox 662 2116 863 2200; x_wconf 89' lang='lat' dir='ltr'>praecinunt,</span> <span class='ocrx_word' id='word_1_163' title='bbox 892 2116 978 2201; x_wconf 91' lang='lat' dir='ltr'>quod</span> <span class='ocrx_word' id='word_1_164' title='bbox 999 2119 1168 2202; x_wconf 90' lang='lat' dir='ltr'>proprium</span> 
     </span>
     <span class='ocr_line' id='line_1_23' title="bbox 158 2203 1167 2295; baseline 0.002 -27"><span class='ocrx_word' id='word_1_165' title='bbox 158 2205 224 2268; x_wconf 91' lang='lat' dir='ltr'>eius</span> <span class='ocrx_word' id='word_1_166' title='bbox 252 2204 329 2287; x_wconf 90' lang='lat' dir='ltr'>fuit,</span> <span class='ocrx_word' id='word_1_167' title='bbox 361 2203 400 2268; x_wconf 91' lang='lat' dir='ltr'>de</span> <span class='ocrx_word' id='word_1_168' title='bbox 428 2225 491 2288; x_wconf 90' lang='lat' dir='ltr'>qua</span> <span class='ocrx_word' id='word_1_169' title='bbox 518 2204 645 2295; x_wconf 89' lang='lat' dir='ltr'>loquor,</span> <span class='ocrx_word' id='word_1_170' title='bbox 677 2203 876 2288; x_wconf 88' lang='lat' dir='ltr'>disciplinae.</span> <span class='ocrx_word' id='word_1_171' title='bbox 926 2204 1008 2270; x_wconf 89' lang='lat' dir='ltr'>Mihi</span> <span class='ocrx_word' id='word_1_172' title='bbox 1037 2207 1167 2289; x_wconf 88' lang='lat' dir='ltr'>quidem</span> 
     </span>
     <span class='ocr_line' id='line_1_24' title="bbox 157 2288 1167 2376; baseline 0.003 -20.098"><span class='ocrx_word' id='word_1_173' title='bbox 157 2293 253 2357; x_wconf 89' lang='lat' dir='ltr'>etiam</span> <span class='ocrx_word' id='word_1_174' title='bbox 268 2292 367 2376; x_wconf 82' lang='lat' dir='ltr'>Appii</span> <span class='ocrx_word' id='word_1_175' title='bbox 383 2288 478 2356; x_wconf 83' lang='lat' dir='ltr'>anci</span> <span class='ocrx_word' id='word_1_176' title='bbox 493 2313 630 2375; x_wconf 87' lang='lat' dir='ltr'>carmen,</span> <span class='ocrx_word' id='word_1_177' title='bbox 649 2291 734 2375; x_wconf 91' lang='lat' dir='ltr'>quod</span> <span class='ocrx_word' id='word_1_178' title='bbox 752 2292 846 2356; x_wconf 85' lang='lat' dir='ltr'>valde</span> <span class='ocrx_word' id='word_1_179' title='bbox 859 2293 1033 2358; x_wconf 87' lang='lat' dir='ltr'>Panaetius</span> <span class='ocrx_word' id='word_1_180' title='bbox 1052 2295 1167 2359; x_wconf 87' lang='lat' dir='ltr'>laudat</span> 
     </span>
     <span class='ocr_line' id='line_1_25' title="bbox 157 2380 1167 2467; baseline 0.003 -23"><span class='ocrx_word' id='word_1_181' title='bbox 157 2381 298 2465; x_wconf 87' lang='lat' dir='ltr'>epistula</span> <span class='ocrx_word' id='word_1_182' title='bbox 320 2381 473 2464; x_wconf 86' lang='lat' dir='ltr'>quadam,</span> <span class='ocrx_word' id='word_1_183' title='bbox 500 2401 580 2464; x_wconf 89' lang='lat' dir='ltr'>quae</span> <span class='ocrx_word' id='word_1_184' title='bbox 609 2383 658 2444; x_wconf 89' lang='lat' dir='ltr'>est</span> <span class='ocrx_word' id='word_1_185' title='bbox 682 2380 781 2456; x_wconf 76' lang='lat' dir='ltr'>adu.</span> <span class='ocrx_word' id='word_1_186' title='bbox 803 2381 1018 2460; x_wconf 85' lang='lat' dir='ltr'>Tuberonem,</span> <span class='ocrx_word' id='word_1_187' title='bbox 1045 2381 1167 2467; x_wconf 84' lang='lat' dir='ltr'>Pytha·</span> 
     </span>
     <span class='ocr_line' id='line_1_26' title="bbox 157 2433 1212 2554; baseline 0.006 -21"><span class='ocrx_word' id='word_1_188' title='bbox 157 2482 292 2554; x_wconf 85' lang='lat' dir='ltr'>goreum</span> <span class='ocrx_word' id='word_1_189' title='bbox 309 2468 445 2533; x_wconf 87' lang='lat' dir='ltr'>videtur</span> <span class='ocrx_word' id='word_1_190' title='bbox 477 2466 562 2533; x_wconf 88' lang='lat' dir='ltr'>Mult</span> <span class='ocrx_word' id='word_1_191' title='bbox 548 2474 583 2533; x_wconf 88' lang='lat' dir='ltr'>ta</span> <span class='ocrx_word' id='word_1_192' title='bbox 602 2470 634 2531; x_wconf 87' lang='lat' dir='ltr'>et</span> <span class='ocrx_word' id='word_1_193' title='bbox 634 2467 700 2532; x_wconf 89' lang='lat' dir='ltr'>iam</span> <span class='ocrx_word' id='word_1_194' title='bbox 720 2469 824 2534; x_wconf 87' lang='lat' dir='ltr'>sunt</span> <span class='ocrx_word' id='word_1_195' title='bbox 814 2491 849 2532; x_wconf 93' lang='lat' dir='ltr'>m</span> <span class='ocrx_word' id='word_1_196' title='bbox 866 2468 987 2534; x_wconf 88' lang='lat' dir='ltr'>nostris</span> <span class='ocrx_word' id='word_1_197' title='bbox 1006 2433 1167 2536; x_wconf 84' lang='lat' dir='ltr'>institutis</span> <span class='ocrx_word' id='word_1_198' title='bbox 1183 2499 1212 2540; x_wconf 75' lang='lat' dir='ltr'>aa</span> 
     </span>
     <span class='ocr_line' id='line_1_27' title="bbox 157 2557 1168 2643; baseline 0.003 -21"><span class='ocrx_word' id='word_1_199' title='bbox 157 2558 253 2622; x_wconf 90' lang='lat' dir='ltr'>ducta</span> <span class='ocrx_word' id='word_1_200' title='bbox 276 2557 317 2622; x_wconf 90' lang='lat' dir='ltr'>ab</span> <span class='ocrx_word' id='word_1_201' title='bbox 340 2557 420 2640; x_wconf 80' lang='lat' dir='ltr'>illis3</span> <span class='ocrx_word' id='word_1_202' title='bbox 444 2578 525 2640; x_wconf 90' lang='lat' dir='ltr'>quae</span> <span class='ocrx_word' id='word_1_203' title='bbox 543 2559 724 2641; x_wconf 86' lang='lat' dir='ltr'>praetereo,</span> <span class='ocrx_word' id='word_1_204' title='bbox 746 2578 787 2620; x_wconf 90' lang='lat' dir='ltr'>ne</span> <span class='ocrx_word' id='word_1_205' title='bbox 811 2579 862 2638; x_wconf 90' lang='lat' dir='ltr'>ea,</span> <span class='ocrx_word' id='word_1_206' title='bbox 885 2579 967 2642; x_wconf 89' lang='lat' dir='ltr'>quac</span> <span class='ocrx_word' id='word_1_207' title='bbox 985 2559 1168 2643; x_wconf 88' lang='lat' dir='ltr'>repperisse</span> 
     </span>
     <span class='ocr_line' id='line_1_28' title="bbox 122 2644 1168 2730; baseline 0.004 -21"><span class='ocrx_word' id='word_1_208' title='bbox 122 2646 220 2730; x_wconf 78' lang='lat' dir='ltr'>sipsi</span> <span class='ocrx_word' id='word_1_209' title='bbox 242 2648 408 2729; x_wconf 90' lang='lat' dir='ltr'>putamur,</span> <span class='ocrx_word' id='word_1_210' title='bbox 436 2644 563 2708; x_wconf 90' lang='lat' dir='ltr'>aliunde</span> <span class='ocrx_word' id='word_1_211' title='bbox 591 2644 740 2709; x_wconf 88' lang='lat' dir='ltr'>didicisse</span> <span class='ocrx_word' id='word_1_212' title='bbox 762 2645 936 2710; x_wconf 86' lang='lat' dir='ltr'>videamur.</span> <span class='ocrx_word' id='word_1_213' title='bbox 981 2645 1103 2712; x_wconf 88' lang='lat' dir='ltr'>Sedt</span> <span class='ocrx_word' id='word_1_214' title='bbox 1065 2651 1103 2712; x_wconf 94' lang='lat' dir='ltr'>ut</span> <span class='ocrx_word' id='word_1_215' title='bbox 1126 2648 1168 2713; x_wconf 90' lang='lat' dir='ltr'>ad</span> 
     </span>
     <span class='ocr_line' id='line_1_29' title="bbox 155 2732 1168 2886; baseline 0.004 -88"><span class='ocrx_word' id='word_1_216' title='bbox 155 2733 358 2886; x_wconf 79' lang='lat' dir='ltr'>propositum</span> <span class='ocrx_word' id='word_1_217' title='bbox 385 2732 497 2797; x_wconf 86' lang='lat' dir='ltr'>redeat</span> <span class='ocrx_word' id='word_1_218' title='bbox 524 2735 595 2796; x_wconf 86' lang='lat' dir='ltr'>orat</span> <span class='ocrx_word' id='word_1_219' title='bbox 596 2733 641 2816; x_wconf 92' lang='lat' dir='ltr'>io,</span> <span class='ocrx_word' id='word_1_220' title='bbox 668 2755 766 2816; x_wconf 88' lang='lat' dir='ltr'>quam</span> <span class='ocrx_word' id='word_1_221' title='bbox 793 2734 884 2798; x_wconf 82' lang='lat' dir='ltr'>brevi</span> <span class='ocrx_word' id='word_1_222' title='bbox 910 2739 1057 2817; x_wconf 91' lang='lat' dir='ltr'>tempore</span> <span class='ocrx_word' id='word_1_223' title='bbox 1088 2741 1168 2821; x_wconf 89' lang='lat' dir='ltr'>quot</span> 
     </span>
     <span class='ocr_line' id='line_1_30' title="bbox 157 2820 1167 2907; baseline 0.003 -21.16"><span class='ocrx_word' id='word_1_224' title='bbox 157 2823 321 2907; x_wconf 89' lang='lat' dir='ltr'>etquanti</span> <span class='ocrx_word' id='word_1_225' title='bbox 339 2824 415 2905; x_wconf 84' lang='lat' dir='ltr'>po&#39;c&#39;t</span> <span class='ocrx_word' id='word_1_226' title='bbox 417 2842 454 2884; x_wconf 88' lang='lat' dir='ltr'>ae</span> <span class='ocrx_word' id='word_1_227' title='bbox 458 2820 546 2906; x_wconf 88' lang='lat' dir='ltr'>‚qui</span> <span class='ocrx_word' id='word_1_228' title='bbox 549 2824 674 2886; x_wconf 89' lang='lat' dir='ltr'>autem</span> <span class='ocrx_word' id='word_1_229' title='bbox 693 2824 838 2886; x_wconf 88' lang='lat' dir='ltr'>oratores</span> <span class='ocrx_word' id='word_1_230' title='bbox 858 2823 1047 2889; x_wconf 86' lang='lat' dir='ltr'>extiterunt!</span> <span class='ocrx_word' id='word_1_231' title='bbox 1069 2823 1167 2890; x_wconf 85' lang='lat' dir='ltr'>facile</span> 
     </span>
     <span class='ocr_line' id='line_1_31' title="bbox 156 2908 1208 2994; baseline 0.006 -19"><span class='ocrx_word' id='word_1_232' title='bbox 156 2916 192 2975; x_wconf 91' lang='lat' dir='ltr'>ut</span> <span class='ocrx_word' id='word_1_233' title='bbox 219 2913 375 2994; x_wconf 88' lang='lat' dir='ltr'>appareat</span> <span class='ocrx_word' id='word_1_234' title='bbox 401 2911 530 2972; x_wconf 86' lang='lat' dir='ltr'>nostros</span> <span class='ocrx_word' id='word_1_235' title='bbox 559 2908 667 2974; x_wconf 91' lang='lat' dir='ltr'>omnia</span> <span class='ocrx_word' id='word_1_236' title='bbox 695 2911 846 2994; x_wconf 88' lang='lat' dir='ltr'>consequi</span> <span class='ocrx_word' id='word_1_237' title='bbox 876 2914 935 2994; x_wconf 91' lang='lat' dir='ltr'>pot</span> <span class='ocrx_word' id='word_1_238' title='bbox 936 2911 1035 2994; x_wconf 90' lang='lat' dir='ltr'>uisse,</span> <span class='ocrx_word' id='word_1_239' title='bbox 1067 2912 1208 2982; x_wconf 80' lang='lat' dir='ltr'>simulac</span> 
     </span>
     <span class='ocr_line' id='line_1_32' title="bbox 155 2995 512 3080; baseline -0.006 -17"><span class='ocrx_word' id='word_1_240' title='bbox 155 3002 193 3063; x_wconf 93' lang='lat' dir='ltr'>ut</span> <span class='ocrx_word' id='word_1_241' title='bbox 215 2997 298 3063; x_wconf 85' lang='lat' dir='ltr'>velle</span> <span class='ocrx_word' id='word_1_242' title='bbox 322 2995 512 3080; x_wconf 88' lang='lat' dir='ltr'>coepissent.</span> 
     </span>
    </p>

    <p class='ocr_par' dir='ltr' id='par_1_3' title="bbox 117 3084 1206 3435">
     <span class='ocr_line' id='line_1_33' title="bbox 117 3084 1167 3170; baseline 0.004 -20"><span class='ocrx_word' id='word_1_243' title='bbox 117 3093 137 3156; x_wconf 88' lang='lat'>3</span> <span class='ocrx_word' id='word_1_244' title='bbox 224 3084 286 3150; x_wconf 81' lang='lat' dir='ltr'>Sed</span> <span class='ocrx_word' id='word_1_245' title='bbox 304 3084 343 3148; x_wconf 91' lang='lat' dir='ltr'>de</span> <span class='ocrx_word' id='word_1_246' title='bbox 362 3085 478 3150; x_wconf 90' lang='lat' dir='ltr'>ceteris</span> <span class='ocrx_word' id='word_1_247' title='bbox 497 3085 612 3150; x_wconf 90' lang='lat' dir='ltr'>studiis</span> <span class='ocrx_word' id='word_1_248' title='bbox 631 3085 697 3150; x_wconf 90' lang='lat' dir='ltr'>alio</span> <span class='ocrx_word' id='word_1_249' title='bbox 714 3086 787 3150; x_wconf 94' lang='lat' dir='ltr'>loco</span> <span class='ocrx_word' id='word_1_250' title='bbox 806 3090 840 3151; x_wconf 91' lang='lat' dir='ltr'>et</span> <span class='ocrx_word' id='word_1_251' title='bbox 863 3087 1018 3170; x_wconf 90' lang='lat' dir='ltr'>dicemus,</span> <span class='ocrx_word' id='word_1_252' title='bbox 1041 3087 1070 3151; x_wconf 91' lang='lat' dir='ltr'>si</span> <span class='ocrx_word' id='word_1_253' title='bbox 1088 3111 1167 3154; x_wconf 87' lang='lat' dir='ltr'>usus</span> 
     </span>
     <span class='ocr_line' id='line_1_34' title="bbox 154 3172 1168 3258; baseline 0.002 -18"><span class='ocrx_word' id='word_1_254' title='bbox 154 3175 267 3258; x_wconf 87' lang='lat' dir='ltr'>fuerit,</span> <span class='ocrx_word' id='word_1_255' title='bbox 291 3177 324 3237; x_wconf 91' lang='grc' dir='ltr'>ιι</span> <span class='ocrx_word' id='word_1_256' title='bbox 346 3195 440 3257; x_wconf 88' lang='lat' dir='ltr'>saepe</span> <span class='ocrx_word' id='word_1_257' title='bbox 463 3173 612 3238; x_wconf 85' lang='lat' dir='ltr'>diximus.</span> <span class='ocrx_word' id='word_1_258' title='bbox 649 3172 834 3257; x_wconf 81' lang='lat' dir='ltr'>Sapientiae</span> <span class='ocrx_word' id='word_1_259' title='bbox 856 3175 999 3239; x_wconf 87' lang='lat' dir='ltr'>studium</span> <span class='ocrx_word' id='word_1_260' title='bbox 1022 3179 1115 3240; x_wconf 89' lang='lat' dir='ltr'>vetus</span> <span class='ocrx_word' id='word_1_261' title='bbox 1134 3178 1168 3242; x_wconf 93' lang='lat' dir='ltr'>id</span> 
     </span>
     <span class='ocr_line' id='line_1_35' title="bbox 156 3261 1168 3348; baseline 0.004 -22"><span class='ocrx_word' id='word_1_262' title='bbox 156 3263 284 3348; x_wconf 89' lang='lat' dir='ltr'>quidem</span> <span class='ocrx_word' id='word_1_263' title='bbox 307 3262 341 3326; x_wconf 87' lang='lat' dir='ltr'>in</span> <span class='ocrx_word' id='word_1_264' title='bbox 363 3262 498 3346; x_wconf 90' lang='lat' dir='ltr'>nostris,</span> <span class='ocrx_word' id='word_1_265' title='bbox 526 3262 581 3326; x_wconf 89' lang='lat' dir='ltr'>sed</span> <span class='ocrx_word' id='word_1_266' title='bbox 610 3265 720 3326; x_wconf 88' lang='lat' dir='ltr'>tamen</span> <span class='ocrx_word' id='word_1_267' title='bbox 743 3266 818 3327; x_wconf 88' lang='lat' dir='ltr'>ante</span> <span class='ocrx_word' id='word_1_268' title='bbox 841 3261 946 3328; x_wconf 85' lang='lat' dir='ltr'>Laelii</span> <span class='ocrx_word' id='word_1_269' title='bbox 970 3265 1111 3329; x_wconf 87' lang='lat' dir='ltr'>aetatem</span> <span class='ocrx_word' id='word_1_270' title='bbox 1134 3270 1168 3330; x_wconf 91' lang='lat' dir='ltr'>et</span> 
     </span>
     <span class='ocr_line' id='line_1_36' title="bbox 156 3350 1206 3435; baseline 0.007 -20"><span class='ocrx_word' id='word_1_271' title='bbox 156 3350 315 3434; x_wconf 85' lang='lat' dir='ltr'>Scipionis</span> <span class='ocrx_word' id='word_1_272' title='bbox 329 3371 395 3415; x_wconf 91' lang='lat' dir='ltr'>non</span> <span class='ocrx_word' id='word_1_273' title='bbox 408 3350 533 3433; x_wconf 87' lang='lat' dir='ltr'>reperio</span> <span class='ocrx_word' id='word_1_274' title='bbox 553 3371 633 3433; x_wconf 88' lang='lat' dir='ltr'>quos</span> <span class='ocrx_word' id='word_1_275' title='bbox 648 3350 809 3433; x_wconf 88' lang='lat' dir='ltr'>appellare</span> <span class='ocrx_word' id='word_1_276' title='bbox 823 3351 948 3435; x_wconf 90' lang='lat' dir='ltr'>possim</span> <span class='ocrx_word' id='word_1_277' title='bbox 961 3353 1166 3418; x_wconf 88' lang='lat' dir='ltr'>nominatim.</span> <span class='ocrx_word' id='word_1_278' title='bbox 1179 3381 1206 3422; x_wconf 79' lang='lat' dir='ltr'>rs</span> 
     </span>
    </p>

    <p class='ocr_par' dir='ltr' id='par_1_4' title="bbox 92 3436 1268 3598">
     <span class='ocr_line' id='line_1_37' title="bbox 92 3436 1166 3523; baseline 0.004 -21"><span class='ocrx_word' id='word_1_279' title='bbox 92 3480 94 3488; x_wconf 71' lang='lat'>‚</span> <span class='ocrx_word' id='word_1_280' title='bbox 156 3439 279 3516; x_wconf 85' lang='lat' dir='ltr'>Quibus</span> <span class='ocrx_word' id='word_1_281' title='bbox 301 3438 559 3502; x_wconf 88' lang='lat' dir='ltr'>adulescentibus</span> <span class='ocrx_word' id='word_1_282' title='bbox 583 3436 728 3502; x_wconf 84' lang='lat' dir='ltr'>Stoicum</span> <span class='ocrx_word' id='word_1_283' title='bbox 751 3437 921 3523; x_wconf 87' lang='lat' dir='ltr'>Diogenen</span> <span class='ocrx_word' id='word_1_284' title='bbox 945 3443 979 3503; x_wconf 88' lang='lat' dir='ltr'>et</span> <span class='ocrx_word' id='word_1_285' title='bbox 997 3440 1166 3506; x_wconf 85' lang='lat' dir='ltr'>Academi·</span> 
     </span>
     <span class='ocr_line' id='line_1_38' title="bbox 156 3524 1268 3598; baseline 0.005 -7"><span class='ocrx_word' id='word_1_286' title='bbox 156 3548 227 3591; x_wconf 88' lang='lat' dir='ltr'>cum</span> <span class='ocrx_word' id='word_1_287' title='bbox 256 3524 452 3590; x_wconf 80' lang='lat' dir='ltr'>Carneadem</span> <span class='ocrx_word' id='word_1_288' title='bbox 480 3525 573 3590; x_wconf 86' lang='lat' dir='ltr'>video</span> <span class='ocrx_word' id='word_1_289' title='bbox 601 3526 642 3589; x_wconf 90' lang='lat' dir='ltr'>ad</span> <span class='ocrx_word' id='word_1_290' title='bbox 670 3529 817 3590; x_wconf 87' lang='lat' dir='ltr'>senatum</span> <span class='ocrx_word' id='word_1_291' title='bbox 845 3527 887 3590; x_wconf 88' lang='lat' dir='ltr'>ab</span> <span class='ocrx_word' id='word_1_292' title='bbox 911 3527 1165 3598; x_wconf 82' lang='lat' dir='ltr'>Atheniensibus</span> <span class='ocrx_word' id='word_1_293' title='bbox 1266 3575 1268 3588; x_wconf 71' lang='lat'>‹</span> 
     </span>
    </p>
   </div>
   <div class='ocr_carea' id='block_1_3' title="bbox 0 0 1297 3952">
    <p class='ocr_par' dir='ltr' id='par_1_5' title="bbox 0 0 1297 3952">
     <span class='ocr_line' id='line_1_39' title="bbox 0 0 1297 3952; baseline 0 0"><span class='ocrx_word' id='word_1_294' title='bbox 0 0 1297 3952; x_wconf 95' lang='lat' dir='ltr'> </span> 
     </span>
    </p>
   </div>
  </div>
 </body>
</html>
