<?xml version="1.0" encoding="UTF-8"?>
<!DOCTYPE html PUBLIC "-//W3C//DTD XHTML 1.0 Transitional//EN"
    "http://www.w3.org/TR/xhtml1/DTD/xhtml1-transitional.dtd">
<html xmlns="http://www.w3.org/1999/xhtml" xml:lang="en" lang="en">
 <head>
  <title>
</title>
<meta http-equiv="Content-Type" content="text/html;charset=utf-8" />
  <meta name='ocr-system' content='tesseract 3.04.00' />
  <meta name='ocr-capabilities' content='ocr_page ocr_carea ocr_par ocr_line ocrx_word'/>
</head>
<body>
  <div class='ocr_page' id='page_1' title='image "./scriptaquaemans00unkngoog_0191.png"; bbox 0 0 2574 3956; ppageno 0'>
   <div class='ocr_carea' id='block_1_1' title="bbox 165 185 1003 296">
    <p class='ocr_par' dir='ltr' id='par_1_1' title="bbox 165 185 1003 296">
     <span class='ocr_line' id='line_1_1' title="bbox 165 185 1003 296; baseline -0.014 -1"><span class='ocrx_word' id='word_1_1' title='bbox 165 231 226 296; x_wconf 84' lang='lat'>138</span> <span class='ocrx_word' id='word_1_2' title='bbox 288 185 292 191; x_wconf 31' lang='grc' dir='ltr'>Ι</span> <span class='ocrx_word' id='word_1_3' title='bbox 326 231 374 285; x_wconf 80' lang='lat' dir='ltr'>DE</span> <span class='ocrx_word' id='word_1_4' title='bbox 392 229 537 285; x_wconf 82' lang='lat' dir='ltr'>FlNlBUS</span> <span class='ocrx_word' id='word_1_5' title='bbox 555 228 735 285; x_wconf 86' lang='lat' dir='ltr'>BONORUM</span> <span class='ocrx_word' id='word_1_6' title='bbox 753 229 801 283; x_wconf 88' lang='grc' dir='ltr'>ΕΤ</span> <span class='ocrx_word' id='word_1_7' title='bbox 820 229 1003 286; x_wconf 83' lang='lat' dir='ltr'>MALORUM</span> 
     </span>
    </p>
   </div>
   <div class='ocr_carea' id='block_1_2' title="bbox 109 391 1280 1004">
    <p class='ocr_par' dir='ltr' id='par_1_2' title="bbox 109 391 1251 546">
     <span class='ocr_line' id='line_1_2' title="bbox 109 391 1251 480; baseline 0.002 -24"><span class='ocrx_word' id='word_1_8' title='bbox 109 433 117 442; x_wconf 89' lang='lat'><strong>·</strong></span> <span class='ocrx_word' id='word_1_9' title='bbox 163 393 190 457; x_wconf 93' lang='lat' dir='ltr'>si</span> <span class='ocrx_word' id='word_1_10' title='bbox 218 393 433 477; x_wconf 78' lang='lat' dir='ltr'><strong>perspexerit,</strong></span> <span class='ocrx_word' id='word_1_11' title='bbox 460 414 566 456; x_wconf 87' lang='lat' dir='ltr'>rerum</span> <span class='ocrx_word' id='word_1_12' title='bbox 593 391 678 455; x_wconf 90' lang='lat' dir='ltr'>inter</span> <span class='ocrx_word' id='word_1_13' title='bbox 705 411 758 455; x_wconf 90' lang='lat' dir='ltr'>eas</span> <span class='ocrx_word' id='word_1_14' title='bbox 785 392 996 456; x_wconf 84' lang='lat' dir='ltr'>verborumne</span> <span class='ocrx_word' id='word_1_15' title='bbox 1025 393 1068 456; x_wconf 90' lang='lat' dir='ltr'>sit</span> <span class='ocrx_word' id='word_1_16' title='bbox 1098 413 1173 458; x_wconf 91' lang='lat' dir='ltr'>con·</span> <span class='ocrx_word' id='word_1_17' title='bbox 1204 401 1207 407; x_wconf 88' lang='lat'>&#39;</span> <span class='ocrx_word' id='word_1_18' title='bbox 1248 475 1251 480; x_wconf 25' lang='grc' dir='ltr'>Ι</span> 
     </span>
     <span class='ocr_line' id='line_1_3' title="bbox 162 481 327 546; baseline 0 -2"><span class='ocrx_word' id='word_1_19' title='bbox 162 481 327 546; x_wconf 71' lang='lat' dir='ltr'><strong>troversia.</strong></span> 
     </span>
    </p>

    <p class='ocr_par' dir='ltr' id='par_1_3' title="bbox 160 566 1280 1004">
     <span class='ocr_line' id='line_1_4' title="bbox 229 566 1172 653; baseline 0 -21"><span class='ocrx_word' id='word_1_20' title='bbox 229 566 333 650; x_wconf 86' lang='lat' dir='ltr'>Huius</span> <span class='ocrx_word' id='word_1_21' title='bbox 357 589 416 653; x_wconf 82' lang='lat' dir='ltr'>ego</span> <span class='ocrx_word' id='word_1_22' title='bbox 433 589 519 632; x_wconf 91' lang='lat' dir='ltr'>nunc</span> <span class='ocrx_word' id='word_1_23' title='bbox 536 566 762 632; x_wconf 88' lang='lat' dir='ltr'>auctoritatem</span> <span class='ocrx_word' id='word_1_24' title='bbox 781 588 918 651; x_wconf 88' lang='lat' dir='ltr'>sequens</span> <span class='ocrx_word' id='word_1_25' title='bbox 941 567 1026 632; x_wconf 90' lang='lat' dir='ltr'>idem</span> <span class='ocrx_word' id='word_1_26' title='bbox 1043 568 1172 634; x_wconf 85' lang='lat' dir='ltr'>faciam.</span> 
     </span>
     <span class='ocr_line' id='line_1_5' title="bbox 164 655 1280 741; baseline 0.002 -22"><span class='ocrx_word' id='word_1_27' title='bbox 164 655 325 732; x_wconf 83' lang='lat' dir='ltr'>Quantum</span> <span class='ocrx_word' id='word_1_28' title='bbox 344 657 430 720; x_wconf 90' lang='lat' dir='ltr'>enim</span> <span class='ocrx_word' id='word_1_29' title='bbox 448 659 571 739; x_wconf 89' lang='lat' dir='ltr'>potero,</span> <span class='ocrx_word' id='word_1_30' title='bbox 589 655 733 719; x_wconf 91' lang='lat' dir='ltr'>minuam</span> <span class='ocrx_word' id='word_1_31' title='bbox 751 655 972 720; x_wconf 78' lang='lat' dir='ltr'>contentiones</span> <span class='ocrx_word' id='word_1_32' title='bbox 996 678 1171 741; x_wconf 89' lang='lat' dir='ltr'>omnesque</span> <span class='ocrx_word' id='word_1_33' title='bbox 1279 675 1280 706; x_wconf 79' lang='lat'>1</span> 
     </span>
     <span class='ocr_line' id='line_1_6' title="bbox 162 741 1280 826; baseline 0.002 -18"><span class='ocrx_word' id='word_1_34' title='bbox 162 744 337 808; x_wconf 88' lang='lat' dir='ltr'>sententias</span> <span class='ocrx_word' id='word_1_35' title='bbox 375 743 536 826; x_wconf 85' lang='lat' dir='ltr'>simplices</span> <span class='ocrx_word' id='word_1_36' title='bbox 571 764 695 825; x_wconf 90' lang='lat' dir='ltr'>eorum,</span> <span class='ocrx_word' id='word_1_37' title='bbox 736 741 770 805; x_wconf 93' lang='lat' dir='ltr'>in</span> <span class='ocrx_word' id='word_1_38' title='bbox 806 743 921 826; x_wconf 90' lang='lat' dir='ltr'>quibus</span> <span class='ocrx_word' id='word_1_39' title='bbox 958 743 1050 808; x_wconf 86' lang='lat' dir='ltr'>nulla</span> <span class='ocrx_word' id='word_1_40' title='bbox 1085 744 1225 820; x_wconf 73' lang='lat' dir='ltr'>inesta</span> <span class='ocrx_word' id='word_1_41' title='bbox 1279 791 1280 824; x_wconf 68' lang='lat'>,</span> 
     </span>
     <span class='ocr_line' id='line_1_7' title="bbox 160 829 1280 914; baseline 0.002 -19"><span class='ocrx_word' id='word_1_42' title='bbox 160 833 288 896; x_wconf 87' lang='lat' dir='ltr'>virtutis</span> <span class='ocrx_word' id='word_1_43' title='bbox 316 831 491 914; x_wconf 82' lang='lat' dir='ltr'>adiunctio,</span> <span class='ocrx_word' id='word_1_44' title='bbox 520 831 650 895; x_wconf 90' lang='lat' dir='ltr'>omnino</span> <span class='ocrx_word' id='word_1_45' title='bbox 679 852 697 894; x_wconf 90' lang='lat' dir='ltr'>a</span> <span class='ocrx_word' id='word_1_46' title='bbox 724 829 931 914; x_wconf 84' lang='lat' dir='ltr'>philosophia</span> <span class='ocrx_word' id='word_1_47' title='bbox 959 833 1171 898; x_wconf 84' lang='lat' dir='ltr'>semovendas</span> <span class='ocrx_word' id='word_1_48' title='bbox 1279 829 1280 850; x_wconf 58' lang='lat'><strong>³</strong></span> 
     </span>
     <span class='ocr_line' id='line_1_8' title="bbox 160 916 1171 1004; baseline 0 -20"><span class='ocrx_word' id='word_1_49' title='bbox 160 920 298 1003; x_wconf 90' lang='lat' dir='ltr'>putabo,</span> <span class='ocrx_word' id='word_1_50' title='bbox 324 919 466 1003; x_wconf 91' lang='lat' dir='ltr'>primum</span> <span class='ocrx_word' id='word_1_51' title='bbox 492 917 650 1001; x_wconf 73' lang='lat' dir='ltr'>Aristippi</span> <span class='ocrx_word' id='word_1_52' title='bbox 678 916 988 1002; x_wconf 80' lang='lat' dir='ltr'>Cyrenaicorumque</span> <span class='ocrx_word' id='word_1_53' title='bbox 1017 920 1171 1004; x_wconf 87' lang='lat' dir='ltr'>omnium,</span> 
     </span>
    </p>
   </div>
   <div class='ocr_carea' id='block_1_3' title="bbox 109 623 144 672">
    <p class='ocr_par' dir='ltr' id='par_1_4' title="bbox 109 623 144 672">
     <span class='ocr_line' id='line_1_9' title="bbox 109 623 144 672; baseline 0.029 -1"><span class='ocrx_word' id='word_1_54' title='bbox 109 623 144 672; x_wconf 88' lang='grc'>39</span> 
     </span>
    </p>
   </div>
   <div class='ocr_carea' id='block_1_4' title="bbox 105 1007 1236 2846">
    <p class='ocr_par' dir='ltr' id='par_1_5' title="bbox 161 1007 1170 1179">
     <span class='ocr_line' id='line_1_10' title="bbox 161 1007 1170 1091; baseline 0.002 -21"><span class='ocrx_word' id='word_1_55' title='bbox 161 1029 241 1091; x_wconf 89' lang='lat' dir='ltr'>quos</span> <span class='ocrx_word' id='word_1_56' title='bbox 267 1028 334 1071; x_wconf 90' lang='lat' dir='ltr'>non</span> <span class='ocrx_word' id='word_1_57' title='bbox 361 1011 411 1071; x_wconf 88' lang='lat' dir='ltr'>est</span> <span class='ocrx_word' id='word_1_58' title='bbox 439 1007 576 1071; x_wconf 87' lang='lat' dir='ltr'>veritum</span> <span class='ocrx_word' id='word_1_59' title='bbox 599 1007 633 1070; x_wconf 93' lang='lat' dir='ltr'>in</span> <span class='ocrx_word' id='word_1_60' title='bbox 656 1028 694 1071; x_wconf 88' lang='lat' dir='ltr'>ea</span> <span class='ocrx_word' id='word_1_61' title='bbox 716 1007 894 1090; x_wconf 88' lang='lat' dir='ltr'>voluptate,</span> <span class='ocrx_word' id='word_1_62' title='bbox 922 1029 1003 1090; x_wconf 92' lang='lat' dir='ltr'>quae</span> <span class='ocrx_word' id='word_1_63' title='bbox 1030 1008 1170 1072; x_wconf 85' lang='lat' dir='ltr'>maxime</span> 
     </span>
     <span class='ocr_line' id='line_1_11' title="bbox 161 1094 1170 1179; baseline 0.002 -21"><span class='ocrx_word' id='word_1_64' title='bbox 161 1095 325 1159; x_wconf 87' lang='lat' dir='ltr'>dulcedine</span> <span class='ocrx_word' id='word_1_65' title='bbox 357 1117 485 1159; x_wconf 88' lang='lat' dir='ltr'>sensum</span> <span class='ocrx_word' id='word_1_66' title='bbox 517 1097 673 1176; x_wconf 90' lang='lat' dir='ltr'>moveret,</span> <span class='ocrx_word' id='word_1_67' title='bbox 707 1115 866 1158; x_wconf 89' lang='lat' dir='ltr'>summum</span> <span class='ocrx_word' id='word_1_68' title='bbox 898 1094 1018 1159; x_wconf 93' lang='lat' dir='ltr'>bonum</span> <span class='ocrx_word' id='word_1_69' title='bbox 1051 1117 1170 1179; x_wconf 89' lang='lat' dir='ltr'>ponere</span> 
     </span>
    </p>

    <p class='ocr_par' dir='ltr' id='par_1_6' title="bbox 106 1181 1215 1797">
     <span class='ocr_line' id='line_1_12' title="bbox 106 1181 1215 1250; baseline -0.001 0"><span class='ocrx_word' id='word_1_70' title='bbox 106 1202 142 1250; x_wconf 84' lang='lat'>40</span> <span class='ocrx_word' id='word_1_71' title='bbox 161 1183 399 1246; x_wconf 88' lang='lat' dir='ltr'>contemnentis</span> <span class='ocrx_word' id='word_1_72' title='bbox 425 1182 523 1246; x_wconf 87' lang='lat' dir='ltr'>istam</span> <span class='ocrx_word' id='word_1_73' title='bbox 550 1181 746 1247; x_wconf 81' lang='lat' dir='ltr'>vacuitatem</span> <span class='ocrx_word' id='word_1_74' title='bbox 774 1182 903 1246; x_wconf 91' lang='lat' dir='ltr'>doloris.</span> <span class='ocrx_word' id='word_1_75' title='bbox 954 1181 997 1246; x_wconf 89' lang='lat' dir='ltr'>Hi</span> <span class='ocrx_word' id='word_1_76' title='bbox 1025 1203 1091 1248; x_wconf 90' lang='lat' dir='ltr'>non</span> <span class='ocrx_word' id='word_1_77' title='bbox 1120 1184 1169 1248; x_wconf 91' lang='lat' dir='ltr'>vi·</span> <span class='ocrx_word' id='word_1_78' title='bbox 1187 1211 1215 1249; x_wconf 84' lang='grc' dir='ltr'>ιο</span> 
     </span>
     <span class='ocr_line' id='line_1_13' title="bbox 162 1269 1171 1354; baseline 0.003 -21"><span class='ocrx_word' id='word_1_79' title='bbox 162 1269 291 1353; x_wconf 89' lang='lat' dir='ltr'>derunt,</span> <span class='ocrx_word' id='word_1_80' title='bbox 313 1273 351 1333; x_wconf 89' lang='lat' dir='ltr'>ut</span> <span class='ocrx_word' id='word_1_81' title='bbox 373 1270 413 1333; x_wconf 89' lang='lat' dir='ltr'>ad</span> <span class='ocrx_word' id='word_1_82' title='bbox 436 1291 563 1334; x_wconf 87' lang='lat' dir='ltr'>cursum</span> <span class='ocrx_word' id='word_1_83' title='bbox 587 1291 716 1353; x_wconf 92' lang='lat' dir='ltr'>equum,</span> <span class='ocrx_word' id='word_1_84' title='bbox 739 1270 780 1334; x_wconf 84' lang='lat' dir='ltr'>ad</span> <span class='ocrx_word' id='word_1_85' title='bbox 798 1269 953 1334; x_wconf 88' lang='lat' dir='ltr'>arandum</span> <span class='ocrx_word' id='word_1_86' title='bbox 976 1271 1105 1354; x_wconf 90' lang='lat' dir='ltr'>bovem,</span> <span class='ocrx_word' id='word_1_87' title='bbox 1129 1272 1171 1336; x_wconf 89' lang='lat' dir='ltr'>ad</span> 
     </span>
     <span class='ocr_line' id='line_1_14' title="bbox 160 1357 1171 1442; baseline 0.002 -21"><span class='ocrx_word' id='word_1_88' title='bbox 160 1357 380 1442; x_wconf 83' lang='lat' dir='ltr'>indagandum</span> <span class='ocrx_word' id='word_1_89' title='bbox 403 1379 528 1440; x_wconf 84' lang='lat' dir='ltr'>canem,</span> <span class='ocrx_word' id='word_1_90' title='bbox 552 1357 597 1421; x_wconf 90' lang='lat' dir='ltr'>sic</span> <span class='ocrx_word' id='word_1_91' title='bbox 619 1357 783 1422; x_wconf 91' lang='lat' dir='ltr'>hominem</span> <span class='ocrx_word' id='word_1_92' title='bbox 807 1357 848 1421; x_wconf 89' lang='lat' dir='ltr'>ad</span> <span class='ocrx_word' id='word_1_93' title='bbox 871 1357 949 1422; x_wconf 90' lang='lat' dir='ltr'>duas</span> <span class='ocrx_word' id='word_1_94' title='bbox 972 1381 1037 1442; x_wconf 89' lang='lat' dir='ltr'>res,</span> <span class='ocrx_word' id='word_1_95' title='bbox 1064 1362 1101 1423; x_wconf 85' lang='lat' dir='ltr'>ut</span> <span class='ocrx_word' id='word_1_96' title='bbox 1124 1361 1171 1424; x_wconf 83' lang='lat' dir='ltr'>cit</span> 
     </span>
     <span class='ocr_line' id='line_1_15' title="bbox 159 1444 1170 1530; baseline 0.004 -22"><span class='ocrx_word' id='word_1_97' title='bbox 159 1445 369 1528; x_wconf 87' lang='lat' dir='ltr'>Aristoteles,</span> <span class='ocrx_word' id='word_1_98' title='bbox 392 1446 432 1510; x_wconf 90' lang='lat' dir='ltr'>ad</span> <span class='ocrx_word' id='word_1_99' title='bbox 450 1444 703 1530; x_wconf 84' lang='lat' dir='ltr'>intellegendum</span> <span class='ocrx_word' id='word_1_100' title='bbox 722 1449 754 1509; x_wconf 94' lang='lat' dir='ltr'>et</span> <span class='ocrx_word' id='word_1_101' title='bbox 773 1445 945 1530; x_wconf 83' lang='lat' dir='ltr'>agendum,</span> <span class='ocrx_word' id='word_1_102' title='bbox 969 1467 1038 1511; x_wconf 92' lang='lat' dir='ltr'>esse</span> <span class='ocrx_word' id='word_1_103' title='bbox 1056 1451 1170 1512; x_wconf 89' lang='lat' dir='ltr'>natum</span> 
     </span>
     <span class='ocr_line' id='line_1_16' title="bbox 160 1533 1170 1619; baseline 0.003 -22"><span class='ocrx_word' id='word_1_104' title='bbox 160 1533 252 1617; x_wconf 88' lang='lat' dir='ltr'>quasi</span> <span class='ocrx_word' id='word_1_105' title='bbox 279 1535 450 1599; x_wconf 81' lang='lat' dir='ltr'>mortalem</span> <span class='ocrx_word' id='word_1_106' title='bbox 476 1533 585 1615; x_wconf 85' lang='lat' dir='ltr'>deum,</span> <span class='ocrx_word' id='word_1_107' title='bbox 614 1537 788 1617; x_wconf 83' lang='lat' dir='ltr'>contraque</span> <span class='ocrx_word' id='word_1_108' title='bbox 811 1537 848 1597; x_wconf 92' lang='lat' dir='ltr'>ut</span> <span class='ocrx_word' id='word_1_109' title='bbox 874 1534 1002 1598; x_wconf 81' lang='lat' dir='ltr'>tardam</span> <span class='ocrx_word' id='word_1_110' title='bbox 1028 1535 1170 1619; x_wconf 89' lang='lat' dir='ltr'>aliquam</span> 
     </span>
     <span class='ocr_line' id='line_1_17' title="bbox 161 1620 1214 1706; baseline 0.003 -21"><span class='ocrx_word' id='word_1_111' title='bbox 161 1624 194 1686; x_wconf 91' lang='lat' dir='ltr'>et</span> <span class='ocrx_word' id='word_1_112' title='bbox 219 1621 407 1706; x_wconf 82' lang='lat' dir='ltr'>languidam</span> <span class='ocrx_word' id='word_1_113' title='bbox 433 1621 588 1705; x_wconf 88' lang='lat' dir='ltr'>pecudem</span> <span class='ocrx_word' id='word_1_114' title='bbox 616 1620 654 1685; x_wconf 89' lang='lat' dir='ltr'>ad</span> <span class='ocrx_word' id='word_1_115' title='bbox 683 1624 813 1704; x_wconf 89' lang='lat' dir='ltr'>pastum</span> <span class='ocrx_word' id='word_1_116' title='bbox 845 1624 878 1686; x_wconf 90' lang='lat' dir='ltr'>et</span> <span class='ocrx_word' id='word_1_117' title='bbox 910 1622 951 1685; x_wconf 87' lang='lat' dir='ltr'>ad</span> <span class='ocrx_word' id='word_1_118' title='bbox 981 1623 1170 1706; x_wconf 87' lang='lat' dir='ltr'>procreandi</span> <span class='ocrx_word' id='word_1_119' title='bbox 1186 1651 1214 1690; x_wconf 70' lang='grc' dir='ltr'>ιε»</span> 
     </span>
     <span class='ocr_line' id='line_1_18' title="bbox 160 1709 1171 1797; baseline 0.002 -25"><span class='ocrx_word' id='word_1_120' title='bbox 160 1710 361 1793; x_wconf 88' lang='lat' dir='ltr'>voluptatem</span> <span class='ocrx_word' id='word_1_121' title='bbox 383 1710 445 1774; x_wconf 90' lang='lat' dir='ltr'>hoc</span> <span class='ocrx_word' id='word_1_122' title='bbox 468 1709 612 1773; x_wconf 91' lang='lat' dir='ltr'>divinum</span> <span class='ocrx_word' id='word_1_123' title='bbox 636 1709 757 1772; x_wconf 87' lang='lat' dir='ltr'>animal</span> <span class='ocrx_word' id='word_1_124' title='bbox 775 1711 881 1773; x_wconf 87' lang='lat' dir='ltr'>ortum</span> <span class='ocrx_word' id='word_1_125' title='bbox 903 1731 973 1775; x_wconf 88' lang='lat' dir='ltr'>esse</span> <span class='ocrx_word' id='word_1_126' title='bbox 992 1711 1171 1797; x_wconf 84' lang='lat' dir='ltr'>voluerunt,</span> 
     </span>
    </p>

    <p class='ocr_par' dir='ltr' id='par_1_7' title="bbox 105 1796 1236 2846">
     <span class='ocr_line' id='line_1_19' title="bbox 105 1796 1171 1881; baseline -0.001 -17"><span class='ocrx_word' id='word_1_127' title='bbox 105 1817 139 1864; x_wconf 88' lang='lat'>41</span> <span class='ocrx_word' id='word_1_128' title='bbox 160 1820 223 1881; x_wconf 92' lang='lat' dir='ltr'>quo</span> <span class='ocrx_word' id='word_1_129' title='bbox 246 1798 329 1862; x_wconf 91' lang='lat' dir='ltr'>nihil</span> <span class='ocrx_word' id='word_1_130' title='bbox 352 1797 433 1861; x_wconf 91' lang='lat' dir='ltr'>mihi</span> <span class='ocrx_word' id='word_1_131' title='bbox 455 1796 582 1861; x_wconf 88' lang='lat' dir='ltr'>videtur</span> <span class='ocrx_word' id='word_1_132' title='bbox 604 1797 784 1862; x_wconf 87' lang='lat' dir='ltr'>absurdius.</span> <span class='ocrx_word' id='word_1_133' title='bbox 824 1796 932 1881; x_wconf 87' lang='lat' dir='ltr'>Atque</span> <span class='ocrx_word' id='word_1_134' title='bbox 954 1798 1034 1862; x_wconf 90' lang='lat' dir='ltr'>haec</span> <span class='ocrx_word' id='word_1_135' title='bbox 1056 1803 1171 1863; x_wconf 86' lang='lat' dir='ltr'>contra</span> 
     </span>
     <span class='ocr_line' id='line_1_20' title="bbox 159 1885 1170 1970; baseline 0.002 -21"><span class='ocrx_word' id='word_1_136' title='bbox 159 1886 378 1970; x_wconf 84' lang='lat' dir='ltr'>Aristippum,</span> <span class='ocrx_word' id='word_1_137' title='bbox 401 1885 455 1969; x_wconf 90' lang='lat' dir='ltr'>qui</span> <span class='ocrx_word' id='word_1_138' title='bbox 479 1906 551 1949; x_wconf 86' lang='lat' dir='ltr'>eam</span> <span class='ocrx_word' id='word_1_139' title='bbox 572 1885 770 1968; x_wconf 86' lang='lat' dir='ltr'>voluptatem</span> <span class='ocrx_word' id='word_1_140' title='bbox 793 1905 859 1949; x_wconf 92' lang='lat' dir='ltr'>non</span> <span class='ocrx_word' id='word_1_141' title='bbox 881 1885 977 1950; x_wconf 91' lang='lat' dir='ltr'>modo</span> <span class='ocrx_word' id='word_1_142' title='bbox 1002 1906 1170 1970; x_wconf 89' lang='lat' dir='ltr'>summam,</span> 
     </span>
     <span class='ocr_line' id='line_1_21' title="bbox 160 1972 1236 2057; baseline 0.002 -20"><span class='ocrx_word' id='word_1_143' title='bbox 160 1972 1236 2057; x_wconf 51' lang='lat' dir='ltr'>mmmfflfflmmfflm-</span> 
     </span>
     <span class='ocr_line' id='line_1_22' title="bbox 159 2059 1213 2144; baseline 0.004 -19"><span class='ocrx_word' id='word_1_144' title='bbox 159 2061 367 2144; x_wconf 86' lang='lat' dir='ltr'>voluptatem.</span> <span class='ocrx_word' id='word_1_145' title='bbox 418 2061 525 2125; x_wconf 89' lang='lat' dir='ltr'>Aliter</span> <span class='ocrx_word' id='word_1_146' title='bbox 547 2065 654 2124; x_wconf 88' lang='lat' dir='ltr'>autem</span> <span class='ocrx_word' id='word_1_147' title='bbox 676 2060 768 2125; x_wconf 90' lang='lat' dir='ltr'>vobis</span> <span class='ocrx_word' id='word_1_148' title='bbox 791 2062 907 2144; x_wconf 89' lang='lat' dir='ltr'>placet.</span> <span class='ocrx_word' id='word_1_149' title='bbox 952 2059 1014 2136; x_wconf 82' lang='lat' dir='ltr'>Sed</span> <span class='ocrx_word' id='word_1_150' title='bbox 1036 2062 1103 2144; x_wconf 87' lang='lat' dir='ltr'>ille,</span> <span class='ocrx_word' id='word_1_151' title='bbox 1131 2065 1170 2126; x_wconf 88' lang='lat' dir='ltr'>ut</span> <span class='ocrx_word' id='word_1_152' title='bbox 1185 2089 1213 2130; x_wconf 79' lang='lat' dir='ltr'>so</span> 
     </span>
     <span class='ocr_line' id='line_1_23' title="bbox 160 2148 1169 2232; baseline 0.001 -19"><span class='ocrx_word' id='word_1_153' title='bbox 160 2148 239 2231; x_wconf 87' lang='lat' dir='ltr'>dixi,</span> <span class='ocrx_word' id='word_1_154' title='bbox 275 2149 399 2213; x_wconf 90' lang='lat' dir='ltr'>vitiose.</span> <span class='ocrx_word' id='word_1_155' title='bbox 456 2149 526 2214; x_wconf 91' lang='lat' dir='ltr'>Nec</span> <span class='ocrx_word' id='word_1_156' title='bbox 562 2149 648 2213; x_wconf 89' lang='lat' dir='ltr'>enim</span> <span class='ocrx_word' id='word_1_157' title='bbox 683 2148 786 2232; x_wconf 79' lang='lat' dir='ltr'>figura</span> <span class='ocrx_word' id='word_1_158' title='bbox 818 2149 963 2232; x_wconf 88' lang='lat' dir='ltr'>corporis</span> <span class='ocrx_word' id='word_1_159' title='bbox 995 2170 1055 2213; x_wconf 90' lang='lat' dir='ltr'>nec</span> <span class='ocrx_word' id='word_1_160' title='bbox 1084 2150 1169 2215; x_wconf 88' lang='lat' dir='ltr'>ratio</span> 
     </span>
     <span class='ocr_line' id='line_1_24' title="bbox 159 2235 1170 2320; baseline 0.002 -20"><span class='ocrx_word' id='word_1_161' title='bbox 159 2237 319 2301; x_wconf 86' lang='lat' dir='ltr'>excellens</span> <span class='ocrx_word' id='word_1_162' title='bbox 341 2236 462 2320; x_wconf 86' lang='lat' dir='ltr'>ingenii</span> <span class='ocrx_word' id='word_1_163' title='bbox 484 2237 617 2301; x_wconf 83' lang='lat' dir='ltr'>humani</span> <span class='ocrx_word' id='word_1_164' title='bbox 641 2235 804 2320; x_wconf 82' lang='lat' dir='ltr'>significat</span> <span class='ocrx_word' id='word_1_165' title='bbox 823 2235 863 2300; x_wconf 82' lang='lat' dir='ltr'>ad</span> <span class='ocrx_word' id='word_1_166' title='bbox 881 2257 979 2301; x_wconf 88' lang='lat' dir='ltr'>unam</span> <span class='ocrx_word' id='word_1_167' title='bbox 997 2237 1081 2301; x_wconf 90' lang='lat' dir='ltr'>hanc</span> <span class='ocrx_word' id='word_1_168' title='bbox 1099 2258 1170 2302; x_wconf 89' lang='lat' dir='ltr'>rem</span> 
     </span>
     <span class='ocr_line' id='line_1_25' title="bbox 158 2322 1169 2409; baseline 0.002 -22"><span class='ocrx_word' id='word_1_169' title='bbox 158 2327 273 2389; x_wconf 89' lang='lat' dir='ltr'>natum</span> <span class='ocrx_word' id='word_1_170' title='bbox 295 2324 472 2409; x_wconf 88' lang='lat' dir='ltr'>hominem,</span> <span class='ocrx_word' id='word_1_171' title='bbox 494 2327 533 2388; x_wconf 90' lang='lat' dir='ltr'>ut</span> <span class='ocrx_word' id='word_1_172' title='bbox 554 2324 714 2389; x_wconf 87' lang='lat' dir='ltr'>frueretur</span> <span class='ocrx_word' id='word_1_173' title='bbox 735 2325 964 2407; x_wconf 88' lang='lat' dir='ltr'>voluptatibus.</span> <span class='ocrx_word' id='word_1_174' title='bbox 999 2322 1069 2389; x_wconf 91' lang='lat' dir='ltr'>Nec</span> <span class='ocrx_word' id='word_1_175' title='bbox 1091 2346 1169 2390; x_wconf 90' lang='lat' dir='ltr'>vero</span> 
     </span>
     <span class='ocr_line' id='line_1_26' title="bbox 158 2411 1170 2497; baseline 0 -20"><span class='ocrx_word' id='word_1_176' title='bbox 158 2413 333 2477; x_wconf 82' lang='lat' dir='ltr'>audiendus</span> <span class='ocrx_word' id='word_1_177' title='bbox 351 2413 583 2496; x_wconf 86' lang='lat' dir='ltr'>Hieronymus,</span> <span class='ocrx_word' id='word_1_178' title='bbox 606 2411 657 2477; x_wconf 91' lang='lat' dir='ltr'>cui</span> <span class='ocrx_word' id='word_1_179' title='bbox 677 2433 838 2476; x_wconf 89' lang='lat' dir='ltr'>summum</span> <span class='ocrx_word' id='word_1_180' title='bbox 858 2412 980 2477; x_wconf 93' lang='lat' dir='ltr'>bonum</span> <span class='ocrx_word' id='word_1_181' title='bbox 1003 2414 1053 2476; x_wconf 89' lang='lat' dir='ltr'>est</span> <span class='ocrx_word' id='word_1_182' title='bbox 1074 2412 1170 2497; x_wconf 90' lang='lat' dir='ltr'>idem,</span> 
     </span>
     <span class='ocr_line' id='line_1_27' title="bbox 157 2500 1211 2585; baseline 0.004 -21"><span class='ocrx_word' id='word_1_183' title='bbox 157 2501 243 2584; x_wconf 91' lang='lat' dir='ltr'>quod</span> <span class='ocrx_word' id='word_1_184' title='bbox 271 2522 328 2566; x_wconf 92' lang='lat' dir='ltr'>vos</span> <span class='ocrx_word' id='word_1_185' title='bbox 356 2500 516 2565; x_wconf 85' lang='lat' dir='ltr'>interdum</span> <span class='ocrx_word' id='word_1_186' title='bbox 543 2501 595 2565; x_wconf 90' lang='lat' dir='ltr'>vel</span> <span class='ocrx_word' id='word_1_187' title='bbox 623 2500 732 2583; x_wconf 87' lang='lat' dir='ltr'>potius</span> <span class='ocrx_word' id='word_1_188' title='bbox 759 2500 897 2564; x_wconf 88' lang='lat' dir='ltr'>nimium</span> <span class='ocrx_word' id='word_1_189' title='bbox 925 2521 1020 2583; x_wconf 88' lang='lat' dir='ltr'>saepe</span> <span class='ocrx_word' id='word_1_190' title='bbox 1053 2500 1169 2585; x_wconf 86' lang='lat' dir='ltr'>dicitis,</span> <span class='ocrx_word' id='word_1_191' title='bbox 1184 2528 1211 2569; x_wconf 79' lang='lat' dir='ltr'>ra</span> 
     </span>
     <span class='ocr_line' id='line_1_28' title="bbox 158 2586 1168 2671; baseline 0 -19"><span class='ocrx_word' id='word_1_192' title='bbox 158 2589 241 2652; x_wconf 89' lang='lat' dir='ltr'>nihil</span> <span class='ocrx_word' id='word_1_193' title='bbox 264 2589 380 2653; x_wconf 90' lang='lat' dir='ltr'>dolere.</span> <span class='ocrx_word' id='word_1_194' title='bbox 424 2586 500 2654; x_wconf 89' lang='lat' dir='ltr'>Non</span> <span class='ocrx_word' id='word_1_195' title='bbox 523 2588 623 2669; x_wconf 90' lang='lat' dir='ltr'>enim,</span> <span class='ocrx_word' id='word_1_196' title='bbox 652 2588 680 2650; x_wconf 90' lang='lat' dir='ltr'>si</span> <span class='ocrx_word' id='word_1_197' title='bbox 702 2588 824 2652; x_wconf 86' lang='lat' dir='ltr'>malum</span> <span class='ocrx_word' id='word_1_198' title='bbox 852 2592 901 2652; x_wconf 87' lang='lat' dir='ltr'>est</span> <span class='ocrx_word' id='word_1_199' title='bbox 928 2588 1033 2671; x_wconf 87' lang='lat' dir='ltr'>dolor,</span> <span class='ocrx_word' id='word_1_200' title='bbox 1062 2610 1168 2653; x_wconf 88' lang='lat' dir='ltr'>carere</span> 
     </span>
     <span class='ocr_line' id='line_1_29' title="bbox 158 2675 1170 2742; baseline 0.002 -3"><span class='ocrx_word' id='word_1_201' title='bbox 158 2697 197 2740; x_wconf 93' lang='lat' dir='ltr'>eo</span> <span class='ocrx_word' id='word_1_202' title='bbox 229 2676 314 2740; x_wconf 90' lang='lat' dir='ltr'>malo</span> <span class='ocrx_word' id='word_1_203' title='bbox 349 2677 428 2740; x_wconf 88' lang='lat' dir='ltr'>satis</span> <span class='ocrx_word' id='word_1_204' title='bbox 456 2679 506 2740; x_wconf 91' lang='lat' dir='ltr'>est</span> <span class='ocrx_word' id='word_1_205' title='bbox 533 2676 573 2739; x_wconf 87' lang='lat' dir='ltr'>ad</span> <span class='ocrx_word' id='word_1_206' title='bbox 605 2676 686 2739; x_wconf 91' lang='lat' dir='ltr'>bene</span> <span class='ocrx_word' id='word_1_207' title='bbox 715 2675 896 2741; x_wconf 90' lang='lat' dir='ltr'>vivendum.</span> <span class='ocrx_word' id='word_1_208' title='bbox 949 2675 1021 2742; x_wconf 88' lang='lat' dir='ltr'>Hoc</span> <span class='ocrx_word' id='word_1_209' title='bbox 1053 2675 1170 2741; x_wconf 86' lang='lat' dir='ltr'>dixerit</span> 
     </span>
     <span class='ocr_line' id='line_1_30' title="bbox 157 2763 427 2846; baseline 0.004 -19"><span class='ocrx_word' id='word_1_210' title='bbox 157 2763 266 2846; x_wconf 83' lang='lat' dir='ltr'>potius</span> <span class='ocrx_word' id='word_1_211' title='bbox 288 2763 427 2828; x_wconf 85' lang='lat' dir='ltr'>Ennius:</span> 
     </span>
    </p>
   </div>
   <div class='ocr_carea' id='block_1_5' title="bbox 140 2863 1092 2969">
    <p class='ocr_par' dir='ltr' id='par_1_8' title="bbox 140 2863 1092 2969">
     <span class='ocr_line' id='line_1_31' title="bbox 140 2863 1092 2969; baseline 0.004 -21"><span class='ocrx_word' id='word_1_212' title='bbox 140 2924 146 2931; x_wconf 87' lang='lat'>·</span> <span class='ocrx_word' id='word_1_213' title='bbox 224 2885 391 2950; x_wconf 90' lang='lat' dir='ltr'>Nimium</span> <span class='ocrx_word' id='word_1_214' title='bbox 414 2885 506 2951; x_wconf 90' lang='lat' dir='ltr'>boni</span> <span class='ocrx_word' id='word_1_215' title='bbox 529 2889 600 2969; x_wconf 90' lang='lat' dir='ltr'>est,</span> <span class='ocrx_word' id='word_1_216' title='bbox 624 2887 684 2951; x_wconf 92' lang='lat' dir='ltr'>cui</span> <span class='ocrx_word' id='word_1_217' title='bbox 706 2887 807 2952; x_wconf 91' lang='lat' dir='ltr'>nihil</span> <span class='ocrx_word' id='word_1_218' title='bbox 831 2863 890 2951; x_wconf 83' lang='lat' dir='ltr'>est</span> <span class='ocrx_word' id='word_1_219' title='bbox 905 2937 912 2951; x_wconf 91' lang='lat'><strong>.</strong></span> <span class='ocrx_word' id='word_1_220' title='bbox 927 2937 934 2950; x_wconf 94' lang='lat'><strong>.</strong></span> <span class='ocrx_word' id='word_1_221' title='bbox 949 2938 955 2952; x_wconf 93' lang='lat'><strong>.</strong></span> <span class='ocrx_word' id='word_1_222' title='bbox 971 2936 978 2951; x_wconf 91' lang='lat'>.</span> <span class='ocrx_word' id='word_1_223' title='bbox 993 2887 1092 2952; x_wconf 85' lang='lat' dir='ltr'>mali.</span> 
     </span>
    </p>
   </div>
   <div class='ocr_carea' id='block_1_6' title="bbox 101 3025 1275 3638">
    <p class='ocr_par' dir='ltr' id='par_1_9' title="bbox 101 3025 1275 3638">
     <span class='ocr_line' id='line_1_32' title="bbox 157 3025 1211 3112; baseline 0.007 -21"><span class='ocrx_word' id='word_1_224' title='bbox 157 3025 227 3092; x_wconf 89' lang='lat' dir='ltr'>Nos</span> <span class='ocrx_word' id='word_1_225' title='bbox 250 3027 379 3090; x_wconf 89' lang='lat' dir='ltr'>beatam</span> <span class='ocrx_word' id='word_1_226' title='bbox 397 3026 499 3090; x_wconf 88' lang='lat' dir='ltr'>vitam</span> <span class='ocrx_word' id='word_1_227' title='bbox 518 3048 584 3091; x_wconf 92' lang='lat' dir='ltr'>non</span> <span class='ocrx_word' id='word_1_228' title='bbox 603 3026 790 3110; x_wconf 89' lang='lat' dir='ltr'>depulsione</span> <span class='ocrx_word' id='word_1_229' title='bbox 809 3029 899 3112; x_wconf 84' lang='lat' dir='ltr'>mali,</span> <span class='ocrx_word' id='word_1_230' title='bbox 923 3028 979 3092; x_wconf 90' lang='lat' dir='ltr'>sed</span> <span class='ocrx_word' id='word_1_231' title='bbox 998 3027 1211 3111; x_wconf 78' lang='lat' dir='ltr'>adeptionem</span> 
     </span>
     <span class='ocr_line' id='line_1_33' title="bbox 158 3113 1169 3201; baseline 0.001 -22"><span class='ocrx_word' id='word_1_232' title='bbox 158 3113 236 3180; x_wconf 90' lang='lat' dir='ltr'>boni</span> <span class='ocrx_word' id='word_1_233' title='bbox 264 3113 455 3198; x_wconf 88' lang='lat' dir='ltr'>iudicemus,</span> <span class='ocrx_word' id='word_1_234' title='bbox 482 3136 542 3179; x_wconf 91' lang='lat' dir='ltr'>nec</span> <span class='ocrx_word' id='word_1_235' title='bbox 570 3137 641 3179; x_wconf 87' lang='lat' dir='ltr'>eam</span> <span class='ocrx_word' id='word_1_236' title='bbox 669 3116 836 3199; x_wconf 84' lang='lat' dir='ltr'>cessando,</span> <span class='ocrx_word' id='word_1_237' title='bbox 868 3116 935 3181; x_wconf 89' lang='lat' dir='ltr'>sive</span> <span class='ocrx_word' id='word_1_238' title='bbox 965 3117 1169 3201; x_wconf 81' lang='lat' dir='ltr'>gaudentem,</span> 
     </span>
     <span class='ocr_line' id='line_1_34' title="bbox 101 3199 1275 3290; baseline 0.003 -25"><span class='ocrx_word' id='word_1_239' title='bbox 101 3199 104 3204; x_wconf 80' lang='grc'><strong>’</strong></span> <span class='ocrx_word' id='word_1_240' title='bbox 158 3206 195 3265; x_wconf 89' lang='lat' dir='ltr'>ut</span> <span class='ocrx_word' id='word_1_241' title='bbox 217 3202 417 3285; x_wconf 89' lang='lat' dir='ltr'>Aristippus,</span> <span class='ocrx_word' id='word_1_242' title='bbox 442 3202 509 3266; x_wconf 88' lang='lat' dir='ltr'>sive</span> <span class='ocrx_word' id='word_1_243' title='bbox 532 3224 598 3268; x_wconf 92' lang='lat' dir='ltr'>non</span> <span class='ocrx_word' id='word_1_244' title='bbox 621 3204 798 3288; x_wconf 90' lang='lat' dir='ltr'>dolentem,</span> <span class='ocrx_word' id='word_1_245' title='bbox 820 3206 857 3268; x_wconf 88' lang='lat' dir='ltr'>ut</span> <span class='ocrx_word' id='word_1_246' title='bbox 879 3203 946 3287; x_wconf 91' lang='lat' dir='ltr'>hic,</span> <span class='ocrx_word' id='word_1_247' title='bbox 969 3204 1025 3268; x_wconf 89' lang='lat' dir='ltr'>sed</span> <span class='ocrx_word' id='word_1_248' title='bbox 1043 3204 1169 3290; x_wconf 80' lang='lat' dir='ltr'>agendo</span> <span class='ocrx_word' id='word_1_249' title='bbox 1274 3223 1275 3226; x_wconf 72' lang='grc'>’</span> 
     </span>
     <span class='ocr_line' id='line_1_35' title="bbox 103 3290 1170 3375; baseline -0.003 -16"><span class='ocrx_word' id='word_1_250' title='bbox 103 3311 139 3358; x_wconf 79' lang='lat'>42</span> <span class='ocrx_word' id='word_1_251' title='bbox 159 3290 280 3373; x_wconf 90' lang='lat' dir='ltr'>aliquid</span> <span class='ocrx_word' id='word_1_252' title='bbox 321 3290 589 3355; x_wconf 87' lang='lat' dir='ltr'>considerandove</span> <span class='ocrx_word' id='word_1_253' title='bbox 630 3312 831 3375; x_wconf 87' lang='lat' dir='ltr'>quaeramus.</span> <span class='ocrx_word' id='word_1_254' title='bbox 899 3291 987 3366; x_wconf 82' lang='lat' dir='ltr'>Quae</span> <span class='ocrx_word' id='word_1_255' title='bbox 1032 3297 1170 3375; x_wconf 88' lang='lat' dir='ltr'>possunt</span> 
     </span>
     <span class='ocr_line' id='line_1_36' title="bbox 160 3376 1169 3461; baseline 0.003 -19"><span class='ocrx_word' id='word_1_256' title='bbox 160 3378 270 3442; x_wconf 89' lang='lat' dir='ltr'>eadem</span> <span class='ocrx_word' id='word_1_257' title='bbox 289 3381 403 3442; x_wconf 86' lang='lat' dir='ltr'>contra</span> <span class='ocrx_word' id='word_1_258' title='bbox 424 3376 642 3443; x_wconf 81' lang='lat' dir='ltr'>Carneadeum</span> <span class='ocrx_word' id='word_1_259' title='bbox 665 3379 745 3443; x_wconf 92' lang='lat' dir='ltr'>illud</span> <span class='ocrx_word' id='word_1_260' title='bbox 768 3401 929 3444; x_wconf 89' lang='lat' dir='ltr'>summum</span> <span class='ocrx_word' id='word_1_261' title='bbox 952 3380 1074 3443; x_wconf 90' lang='lat' dir='ltr'>bonum</span> <span class='ocrx_word' id='word_1_262' title='bbox 1097 3381 1169 3461; x_wconf 89' lang='lat' dir='ltr'>dici,</span> 
     </span>
     <span class='ocr_line' id='line_1_37' title="bbox 160 3465 1209 3552; baseline 0.008 -24"><span class='ocrx_word' id='word_1_263' title='bbox 160 3465 244 3547; x_wconf 92' lang='lat' dir='ltr'>quod</span> <span class='ocrx_word' id='word_1_264' title='bbox 276 3465 304 3530; x_wconf 88' lang='lat' dir='ltr'>is</span> <span class='ocrx_word' id='word_1_265' title='bbox 337 3487 403 3530; x_wconf 91' lang='lat' dir='ltr'>non</span> <span class='ocrx_word' id='word_1_266' title='bbox 433 3471 514 3550; x_wconf 89' lang='lat' dir='ltr'>tam,</span> <span class='ocrx_word' id='word_1_267' title='bbox 546 3470 582 3530; x_wconf 92' lang='lat' dir='ltr'>ut</span> <span class='ocrx_word' id='word_1_268' title='bbox 613 3467 780 3551; x_wconf 89' lang='lat' dir='ltr'>probaret,</span> <span class='ocrx_word' id='word_1_269' title='bbox 816 3467 966 3552; x_wconf 85' lang='lat' dir='ltr'>protulit,</span> <span class='ocrx_word' id='word_1_270' title='bbox 1002 3489 1099 3551; x_wconf 89' lang='lat' dir='ltr'>quam</span> <span class='ocrx_word' id='word_1_271' title='bbox 1132 3471 1170 3532; x_wconf 87' lang='lat' dir='ltr'>ut</span> <span class='ocrx_word' id='word_1_272' title='bbox 1182 3495 1209 3537; x_wconf 80' lang='lat' dir='ltr'>aa</span> 
     </span>
     <span class='ocr_line' id='line_1_38' title="bbox 158 3550 1170 3638; baseline 0.002 -22"><span class='ocrx_word' id='word_1_273' title='bbox 158 3550 288 3635; x_wconf 81' lang='lat' dir='ltr'>Stoicis,</span> <span class='ocrx_word' id='word_1_274' title='bbox 325 3555 515 3637; x_wconf 89' lang='lat' dir='ltr'>quibuscum</span> <span class='ocrx_word' id='word_1_275' title='bbox 552 3554 673 3619; x_wconf 90' lang='lat' dir='ltr'>bellum</span> <span class='ocrx_word' id='word_1_276' title='bbox 709 3554 854 3638; x_wconf 83' lang='lat' dir='ltr'>gerebat,</span> <span class='ocrx_word' id='word_1_277' title='bbox 892 3559 1077 3638; x_wconf 88' lang='lat' dir='ltr'>opponeret.</span> <span class='ocrx_word' id='word_1_278' title='bbox 1130 3553 1170 3618; x_wconf 94' lang='lat' dir='ltr'>Id</span> 
     </span>
    </p>
   </div>
   <div class='ocr_carea' id='block_1_7' title="bbox 0 0 1292 3956">
    <p class='ocr_par' dir='ltr' id='par_1_10' title="bbox 0 0 1292 3956">
     <span class='ocr_line' id='line_1_39' title="bbox 0 0 1292 3956; baseline 0 2"><span class='ocrx_word' id='word_1_279' title='bbox 0 0 1292 3956; x_wconf 95' lang='lat' dir='ltr'> </span> 
     </span>
    </p>
   </div>
  </div>
 </body>
</html>
