2586 3950
356 207 424 262 LIB.
442 207 488 260 ΠΙ.
518 205 594 260 car.
615 213 644 274 5,
663 213 687 261 o.
715 211 872 272 §rs-aa
1056 206 1118 269 179

113 369 287 437 secuudum
313 370 463 434 naturam
491 369 570 451 sint,
596 368 760 452 pellatque
783 368 956 452 contraria,
986 391 1050 452 qua
1070 369 1117 434 in·

112 461 208 522 venta
231 457 404 523 selectione
431 460 464 522 et
491 456 570 521 item
595 456 771 522 reiectione
794 457 938 540 sequitur
967 457 1118 540 deinceps

113 567 185 610 cum
217 544 325 611 officio
361 543 509 628 selectio,
546 543 659 608 deinde
699 565 737 608 ea
771 548 940 628 perpetua,
971 549 1041 610 tum
1078 545 1119 609 ad

113 637 288 698 extremum
322 635 472 703 constans
501 636 779 716 consentaneaque
809 636 957 715 naturae,
987 633 1023 696 in
1054 655 1119 717 qua

85 722 252 804 eprimum
283 721 391 786 inesse
425 720 541 802 incipit
572 724 605 784 et
636 720 798 804 intellegi,
833 720 909 804 quid
941 720 997 803 sit,
1032 721 1118 804 quod
1151 762 1159 774 ,

112 831 185 874 vere
214 809 332 872 bonum
360 807 466 892 possit
492 807 566 872 dici.
615 807 725 872 Prima
752 812 802 872 est
825 809 911 872 enim
934 809 1117 874 conciliatio
1136 822 1169 869 21

111 896 252 962 hominis
275 895 316 961 ad
339 917 390 978 aa,
413 917 495 980 quae
519 898 595 962 sunt
617 895 792 960 secundum
808 904 969 961 naturam.
1015 897 1118 962 Simul

112 989 219 1050 autem
241 984 328 1066 cepit
349 983 537 1068 intellegent
524 984 603 1048 tiam
621 983 673 1047 vel
691 984 858 1050 notionem
876 986 997 1068 potius,
1020 1007 1118 1068 qnam

112 1071 329 1154 appellanti
327 1073 452 1136 'unocurt
487 1071 554 1154 illi,
590 1071 673 1136 vidit
658 1074 735 1156 tque
771 1093 879 1136 rerum
919 1072 1117 1156 agendarum

71 1187 98 1224 ιο
112 1160 323 1226 ordinemt
290 1163 336 1242 et,
366 1159 482 1224 atita
488 1159 633 1242 dicam,
663 1160 881 1243 concordiam,
913 1161 1015 1226 multo
1046 1183 1118 1225 cam

110 1247 213 1330 pluris
242 1268 296 1312 aes
298 1209 427 1314 tiinauit
456 1268 555 1331 quam
589 1247 697 1312 omnia
728 1247 797 1330 illa,
829 1270 911 1333 quae
937 1250 1043 1332 prima
1072 1249 1118 1314 di·

110 1337 246 1418 lexerat,
274 1335 447 1418 atque1ta
474 1335 660 1419 cognitione
686 1337 720 1401 et
748 1337 875 1401 ratione
906 1337 1051 1422 collegit,
1081 1341 1119 1401 ut

111 1425 299 1492 statueret
289 1445 324 1490 m
342 1445 381 1488 eo
400 1423 593 1489 collocatum
613 1445 773 1488 summum
795 1425 875 1489 illud
897 1424 1037 1490 hominis
1059 1446 1119 1508 per

112 1529 146 1576 se
168 1510 421 1576 laudandumt
388 1515 421 1576 ct
443 1512 656 1620 expetendum
674 1512 809 1613 bonum,
832 1513 1008 1596 quodcum
1030 1513 1119 1597 posi-

72 1603 182 1664 rtum
204 1599 305 1666 sitm
323 1620 375 1682 eo,
398 1599 485 1682 quod
502 1593 740 1682 duoloyluvt
703 1597 771 1663 St
742 1601 818 1682 orci,
839 1621 899 1665 noe
918 1600 1118 1683 appellemus

111 1686 435 1770 convenientiam,
462 1687 490 1752 si
513 1688 701 1771 placet,-
729 1709 803 1752 cum
824 1688 959 1772 igitur
950 1710 984 1752 m
1006 1711 1045 1754 eo
1075 1688 1119 1752 sit

110 1775 145 1838 id
170 1774 304 1858 bonum,
331 1797 394 1858 quo
423 1776 532 1840 omnia
557 1737 726 1840 reicienda
753 1765 841 1858 sunt,
868 1775 1003 1842 honeste
1031 1776 1126 1842 facta

110 1863 281 1946 ipsumque
298 1862 497 1948 honestum,
529 1862 615 1947 quod
646 1863 750 1930 solum
782 1864 817 1929 in
852 1864 946 1929 bonis
983 1864 1118 1946 ducitur,

110 1971 307 2034 quamquam
335 1955 411 2034 post
442 1951 559 2034 oritur,
589 1955 699 2016 tamen
730 1952 763 2016 id
795 1952 900 2016 solum
932 1953 965 2016 vi
997 1973 1056 2016 aua
1086 1956 1119 2016 et

44 2037 269 2122 'indignitate
296 2039 509 2122 expetendum
542 2042 604 2124 est,
634 2061 744 2106 eorum
777 2044 898 2124 autem,
930 2062 1011 2124 quae
1044 2045 1119 2106 sunt

108 2127 216 2210 prima
237 2130 388 2204 naturae,
410 2131 543 2211 propter
560 2148 595 2192 se
612 2127 695 2192 nihil
713 2131 764 2192 est
781 2128 999 2212 expetendum.
1036 2127 1119 2194 Cum
1137 2125 1170 2197 aa

109 2237 187 2280 vcro
218 2214 290 2297 illa,
321 2236 403 2298 quae
436 2213 545 2280 officia
576 2236 646 2280 case
679 2215 759 2298 dixi,
794 2216 1041 2300 proficiscantur
1076 2217 1117 2282 ab

109 2303 214 2368 initiis
246 2306 395 2384 naturae,
427 2323 557 2368 necesse
589 2307 639 2367 est
670 2324 709 2368 ea
740 2303 782 2368 ad
812 2303 892 2370 haec
923 2304 1050 2387 referri,
1081 2310 1119 2370 ut

12 2471 13 2474 Ἴ
63 2415 65 2418 ·
109 2394 196 2454 recte
219 2390 283 2456 dici
305 2391 410 2474 possit
433 2391 542 2456 omnia
565 2390 673 2456 officia
695 2411 734 2455 eo
756 2391 882 2476 referri,
905 2396 942 2457 ut
964 2393 1118 2476 adipisca-

68 2503 94 2544 ιι
109 2500 183 2542 mur
204 2477 369 2562 principia,
385 2481 519 2544 naturae
525 2528 535 2561 ,
555 2499 616 2544 nec
633 2482 742 2545 temen
760 2481 797 2544 ut
814 2478 876 2544 hoc
894 2479 938 2544 sit
959 2481 1118 2546 bonorum

109 2565 274 2648 ultimum,
297 2571 470 2650 propterca
492 2566 578 2650 quod
600 2588 666 2632 non
687 2566 773 2630 inest
794 2566 830 2630 in
847 2567 961 2650 primis
983 2571 1118 2634 naturae

111 2655 391 2720 conciliationibus
421 2653 560 2720 honesta
586 2655 687 2736 acti03
719 2675 917 2740 consequens
949 2656 1035 2722 enim
1068 2660 1119 2722 est

109 2746 144 2808 et
165 2746 241 2826 poet
263 2743 380 2827 oritur,
408 2747 446 2809 ut
469 2742 545 2808 dixi.
589 2741 782 2808 esttamen
804 2764 843 2808 ea
866 2745 1039 2809 secundum
1061 2767 1117 2810 na-

108 2835 216 2896 turam
244 2831 410 2915 multoque
436 2852 496 2896 nos
524 2831 564 2896 ad
599 2853 633 2896 se
665 2832 876 2914 expetendam
907 2832 1012 2916 magis
1044 2833 1117 2897 hor·

68 2943 94 2982 sc
108 2923 199 2984 tatur
231 2941 328 3002 qnam
360 2919 527 3002 superiora
559 2920 677 2994 omnia.
728 2917 789 2984 Sed
821 2941 859 2989 ex
886 2919 949 2985 hoc
977 2921 1117 3004 primum

108 3028 199 3072 error
226 3007 388 3072 tollendus
416 3011 481 3090 est,
508 3029 549 3071 nc
577 3008 650 3090 quis
679 3007 769 3091 sequi
791 3008 966 3091 existimet,
995 3010 1031 3072 ut
1053 3007 1116 3072 duo

108 3095 177 3160 sint
193 3094 309 3160 ultima
331 3095 499 3161 bonorum.
540 3093 586 3161 Ut
609 3095 709 3180 enim,
732 3097 762 3160 ei
779 3095 831 3160 cui
848 3096 1051 3180 propositum
1075 3098 1118 3160 sit

108 3182 284 3248 conliniare
306 3182 434 3248 hastam
458 3184 566 3267 aliquo
590 3187 647 3250 aut
665 3183 833 3267 sagittam,
857 3184 940 3249 sicut
959 3205 1019 3249 nos
1042 3184 1117 3248 ulti·

107 3292 197 3336 mum
226 3271 261 3335 in
291 3271 385 3336 bonis
416 3271 564 3354 dicimus,
595 3272 640 3336 sic
669 3271 719 3336 illi
748 3271 854 3338 facere
884 3273 1004 3352 omnia,
1035 3293 1116 3355 quae

66 3383 93 3422 es
107 3359 227 3443 possit,
256 3362 300 3424 ut
323 3359 491 3424 conliniet·
522 3358 635 3424 huic
625 3381 660 3424 ιιι
689 3360 758 3424 eius
787 3360 876 3427 modi
906 3321 1116 3425 similitudine

107 3448 219 3512 omnia
236 3447 304 3512 sint
320 3445 480 3530 facienda,
502 3451 540 3512 ut
563 3447 768 3531 conliniet,e
752 3452 970 3532 etutamen,
948 3449 1119 3514 utomnia

107 3535 222 3620 faciat,
258 3556 322 3620 quo
365 3535 567 3620 propositum
604 3540 832 3621 assequatur,
827 3537 889 3602 ¹sit
923 3536 985 3602 hcc
1024 3537 1117 3620 quasi

852 3639 906 3692 ra*
