2564 3950
182 237 254 304 Ι310
384 239 681 294 TUSCULANARUM
699 240 1001 296 DISPUTATIONUM

190 402 326 467 aliorum
355 403 514 467 clarorum
541 403 698 484 virorum,
725 425 805 487 quos
833 403 916 468 nihil
949 405 1067 468 attinet
1096 410 1205 471 nomi·

188 513 280 575 nare,
311 496 446 574 nepotes
479 494 512 554 et
542 491 611 556 filii.
670 489 731 555 Sed
764 493 840 577 quid
873 491 1023 577 agimus?
1060 493 1205 559 oblitine

189 601 299 644 sumus
322 579 383 644 hoc
404 599 489 643 nunc
511 579 605 643 nobis
626 602 696 644 esse
719 580 934 664 propositum,
958 603 1031 645 curn
1055 582 1137 646 satis
1162 583 1204 646 de

188 667 380 733 aeternitate
402 668 605 751 dixissemus,
628 689 668 732 ne
692 668 720 731 si
743 668 914 732 interirent
936 668 1066 752 quidem
1087 671 1206 754 animi,

188 756 359 840 quicquam
382 755 462 819 mali
484 777 554 820 esse
576 756 612 818 in
635 757 760 821 morte?
1219 786 1232 823 5

254 847 294 908 A.
322 844 393 928 Ego
421 865 498 909 vero
525 844 749 928 memineram,
781 845 836 910 sed
868 849 901 910 te
933 846 972 910 de
1005 847 1203 912 aeternitate

188 933 346 998 dicentem
369 933 519 996 aberrare
542 955 561 996 a
584 933 750 1016 proposito
773 933 869 997 facile
892 935 1050 1018 patiebar.

253 1027 298 1085 M.
326 1020 430 1086 Video
466 1025 499 1084 te
536 1019 601 1084 alte
638 1023 782 1105 spectare
820 1025 852 1086 et
887 1023 970 1087 velle
1006 1023 1042 1086 in
1074 1023 1203 1088 caelum

188 1111 338 1194 migrare.
384 1107 483 1192 Spero
506 1109 576 1173 fore
598 1112 635 1172 ut
658 1110 828 1194 contingat
848 1111 883 1174 id
904 1111 1009 1178 nobis.
1051 1108 1114 1175 Sed
1138 1111 1204 1196 fac,

187 1202 225 1261 ut
250 1197 307 1261 isti
334 1196 461 1278 volunt,
494 1198 618 1262 animos
645 1219 711 1262 non
740 1219 905 1262 remanere
937 1203 1013 1282 post
1044 1203 1245 1282 mortem310

188 1284 280 1350 video
303 1307 376 1367 nos,
400 1285 427 1348 si
450 1286 497 1350 ita
521 1285 577 1368 sit,
599 1285 720 1368 privari
739 1308 796 1369 spe
818 1287 974 1353 beatioris
994 1284 1093 1372 vitae3
1118 1289 1208 1352 malir

188 1395 263 1437 vero
282 1373 358 1456 quid
378 1371 482 1436 adfert
499 1374 564 1438 ista
582 1374 766 1439 sententia?
797 1374 862 1453 Fac
883 1376 970 1440 enim
988 1375 1034 1440 sic
1053 1375 1202 1440 animum

188 1461 334 1546 interire,
356 1465 393 1525 ut
417 1483 548 1546 carpum
571 1484 649 1526 num
672 1463 771 1547 igitur
795 1464 911 1547 aliquis
935 1463 1027 1528 dolor
1051 1467 1108 1527 aut
1132 1487 1201 1528 om-

187 1550 264 1614 nino
292 1554 368 1633 post
390 1553 528 1614 mortem
556 1572 669 1616 sensus
693 1551 727 1614 in
755 1573 888 1636 corpore
913 1551 983 1615 cst?
1028 1549 1136 1616 Nemo
1167 1553 1201 1616 id

79 1674 84 1676 -
188 1638 317 1722 quidem
349 1637 439 1722 dicit,
472 1639 532 1702 etsi
564 1639 785 1703 Democritum
821 1639 990 1704 insimulat
1026 1639 1201 1724 Epicurus,
1218 1667 1242 1704 15

187 1725 377 1790 Democritii
396 1731 526 1812 negant.
562 1726 613 1792 Ne
631 1727 664 1792 in
686 1728 794 1792 animo
818 1728 947 1812 quidem
966 1727 1066 1812 igitur
1085 1750 1201 1794 sensus

187 1819 345 1898 remanet3
375 1817 444 1900 ipse
468 1817 554 1880 enim
576 1836 735 1899 nusquam
759 1817 816 1880 est.
861 1815 928 1880 Ubi
951 1816 1053 1900 igitur
1075 1818 1200 1881 malum

188 1908 249 1985 est,
281 1904 433 1987 quoniam
464 1903 546 1968 nihil
578 1905 710 1967 tertium
743 1903 813 1966 ert?
846 1926 888 1968 an
916 1904 1097 1988 [quoniam]
1127 1906 1201 1988 ipse

135 990 178 1054 34

135 1070 169 1118 aa

189 1992 288 2055 arrinri
317 1993 475 2056 discessus
503 2014 522 2056 a
550 2013 684 2074 corpore
710 2013 777 2056 non
805 1992 843 2054 fit
871 1993 939 2056 sine
967 1992 1100 2057 dolore?
1154 1993 1201 2058 Ut

188 2079 315 2144 credam
341 2081 388 2144 ita
415 2101 498 2162 esse,
526 2102 622 2162 quam
646 2083 696 2142 est
724 2079 757 2142 id
780 2080 945 2164 exiguuml
992 2077 1053 2144 Sed
1075 2080 1199 2146 falsum
1215 2108 1241 2145 so

188 2189 257 2231 esse
281 2168 434 2251 arbitror,
457 2169 490 2232 et
516 2168 554 2230 fit
580 2167 769 2252 plerumque
792 2169 861 2232 sine
885 2189 994 2251 sensu,
1016 2191 1083 2233 non
1105 2192 1199 2234 num-

188 2277 286 2340 quam
314 2256 413 2320 etiam
440 2278 512 2319 oum
540 2256 720 2339 voluptate,
746 2259 914 2340 totumque
946 2257 1007 2321 hoc
1038 2257 1110 2320 leve
1139 2263 1201 2340 est,

92 2388 95 2392 -
119 2367 169 2415 -sa
189 2345 418 2429 qualecumque
438 2349 500 2428 est;
519 2345 556 2409 fit
575 2346 661 2409 enim
680 2345 720 2409 ad
739 2348 895 2428 punctum
913 2345 1078 2428 temporis.
1109 2345 1200 2412 Illud
1267 2349 1268 2402 ξ

189 2433 281 2518 angit
308 2433 358 2496 vel
385 2433 494 2517 potius
522 2434 694 2498 excruciat:
722 2433 881 2498 discessus
908 2434 949 2497 ab
973 2433 1123 2498 omnibus
1147 2434 1216 2517 iis,

189 2543 270 2606 quae
289 2525 365 2585 sunt
383 2522 468 2585 bona
486 2522 521 2584 in
539 2523 615 2586 vita.
650 2521 746 2606 Vide,
770 2543 811 2586 ne
833 2521 864 2584 ‘a
882 2519 989 2585 malis’
1009 2521 1070 2584 dici
1090 2522 1199 2586 verius
1214 2548 1238 2586 ss

187 2610 301 2693 possit.
337 2608 421 2685 Quid
440 2630 500 2693 ego
518 2631 602 2674 nunc
620 2611 747 2695 lugeam
767 2611 867 2674 vitam
887 2609 1079 2674 hominurn?
1111 2609 1199 2674 Vere

188 2702 221 2761 et
248 2698 316 2772 iure
343 2720 490 2782 possum3
520 2697 576 2760 sed
600 2698 676 2782 quid
698 2719 827 2763 necesse
850 2700 914 2780 est,
940 2720 1012 2762 oum
1034 2697 1068 2760 id
1091 2718 1199 2782 agam,

187 2807 228 2849 ne
260 2789 336 2869 post
366 2789 504 2850 mortem
536 2785 671 2850 miseros
702 2809 761 2850 nos
794 2789 944 2870 putemus
976 2787 1058 2868 fore,
1097 2787 1199 2850 etiam

185 2873 287 2937 vitam
315 2873 440 2939 efficere
468 2873 663 2957 deplorando
691 2875 924 2944 miseriorem?
957 2873 1105 2938 Fecimus
1133 2873 1198 2939 hoc

186 2963 221 3026 in
246 2983 283 3026 eo
307 2963 403 3046 libro,
425 2963 461 3026 in
483 2984 546 3046 quo
570 2967 697 3026 nosmet
719 2963 820 3046 ipsos,
843 2967 999 3047 quantum
1020 2962 1198 3046 potuimuS,
1212 2989 1237 3028 ac

187 3051 348 3115 corisolati
375 3072 495 3114 sumus.
544 3049 575 3114 A
603 3052 696 3115 malis
723 3051 822 3135 igitur
845 3072 933 3115 mors
957 3050 1101 3133 abducit,
1130 3073 1199 3115 non

187 3161 207 3202 a
229 3138 336 3221 boniS,
359 3159 470 3201 verum
494 3137 522 3202 si
546 3140 738 3224 quaerimus.
780 3138 828 3202 ,Et
857 3139 987 3223 quidem
1009 3139 1072 3203 hoc
1095 3162 1115 3204 a
1138 3137 1198 3222 Cy-

186 3227 317 3291 renaico
345 3225 486 3310 Hegesia
514 3226 561 3291 sio
589 3227 718 3310 copiose
746 3227 941 3311 disputatur,
967 3229 1004 3290 ut
1027 3227 1054 3290 is
1079 3249 1099 3290 a
1122 3249 1197 3312 rege
1269 3227 1270 3260 ³

185 3315 377 3379 Ptolomaeo
391 3314 574 3397 prohibitus
594 3337 664 3378 esse
681 3314 806 3378 dicatur
821 3315 879 3378 illa
897 3315 932 3378 in
945 3315 1064 3378 scholis
1083 3314 1198 3399 dicere,

187 3403 272 3486 qnod
296 3403 390 3466 multi
413 3403 453 3466 iis
478 3403 596 3467 auditis
620 3406 759 3468 mortem
783 3402 844 3466 sibi
866 3403 930 3486 ipsi
953 3402 1233 3470 consciscerenta

26 3505 29 3508 ·
133 3512 169 3560 84
189 3489 381 3554 Callimachi
399 3491 529 3574 quidem
548 3491 747 3575 epigramma
765 3490 800 3553 in
814 3489 1056 3555 Ambraciotam
1071 3489 1196 3556 Cleom·
1269 3561 1270 3566 ,

86 3643 89 3651 ,
186 3579 317 3642 brotum
341 3583 402 3661 est,
426 3601 520 3662 quem
544 3580 603 3661 ait,
627 3601 699 3643 cum
718 3579 747 3642 ei
766 3578 848 3641 nihil
873 3579 1042 3642 accidisset
1061 3579 1196 3664 adversi,
1269 3583 1270 3608 ³
