2544 3952
172 227 238 291 396
368 226 665 284 TUSCULANARUM
683 228 986 284 DISPUTATIONUM

172 394 279 455 autem
306 412 327 454 a
354 391 478 455 ratione
507 412 623 454 aversa
645 391 781 455 incitata
805 394 855 456 est
877 389 1050 456 vehement
1036 393 1116 476 tius,
1145 415 1184 458 ea
1267 475 1268 480 ἵ

171 478 273 544 libido
302 483 352 543 est
378 478 430 542 vel
458 478 618 562 cupiditas
651 479 819 562 effrenata,
852 501 934 564 quae
965 481 1002 544 in
1029 481 1182 546 omnibus
1267 527 1268 554 ,

120 578 152 625 13
172 567 321 630 stultis
311 566 434 631 invenit
435 588 482 630 ur.
526 567 671 652 Itemque
700 588 772 632 cum
800 569 848 631 ita
875 589 1059 652 moremur,
1082 571 1160 632 ut
1149 593 1184 634 m
1267 601 1268 608 ¹

97 655 307 720 bono
281 677 382 719 sunus
406 655 527 738 aliquo,
550 655 720 740 dupliciter
742 656 774 719 id
793 676 854 721 oon
856 655 963 740 tingIt.
1000 654 1086 721 Nam
1108 679 1184 722 eum

170 743 298 808 ratione
316 743 442 807 animus
462 747 570 808 movet
571 766 609 808 ur
630 743 755 828 placide
774 748 870 828 atque
889 748 1089 828 constanter,
1111 749 1215 812 tuma

170 831 250 915 illud
273 832 452 916 gaudium
475 831 553 895 dicit
539 835 605 915 tur3
635 854 708 896 oum
732 836 839 896 autem
862 833 1003 896 inaniter
1026 837 1058 896 et
1080 834 1183 898 effuse

172 920 298 984 animus
314 920 445 1002 exultat,
464 923 532 984 tum
552 920 610 984 illa
628 921 786 985 laetitia
804 921 979 1005 gestiens
993 922 1045 986 vel
1061 922 1185 986 nimia

172 1008 236 1072 dici
262 1012 384 1092 potest,
416 1029 513 1092 quam
540 1007 588 1072 111
620 1008 789 1073 definiunt:
822 1009 892 1072 sine
921 1009 1047 1074 ratione
1080 1011 1184 1074 animi

172 1095 248 1160 elat
223 1100 353 1161 tranem.
403 1095 639 1180 Quoniamque,
666 1100 703 1161 ut
689 1097 816 1160 tbona
842 1100 961 1161 natura
990 1097 1184 1182 adpetimus,

172 1186 218 1248 sic
246 1206 266 1247 a
292 1185 387 1248 malis
414 1189 531 1247 natura
555 1185 768 1269 declinamus,
796 1207 877 1269 quae
905 1185 1077 1250 declinatio
1108 1207 1184 1250 curn
1200 1216 1231 1254 ro

171 1264 297 1336 ratione
320 1272 392 1354 fiet,
415 1273 543 1337 cautio
567 1273 761 1356 appelletur,
790 1294 890 1356 eaque
913 1273 946 1340 in
949 1273 1159 1360 tellegatur
1148 1297 1185 1339 m

173 1361 241 1425 solo
271 1381 339 1424 esse
367 1321 524 1444 sapienta
553 1383 635 1444 quae
663 1365 771 1426 autem
799 1362 867 1425 sine
895 1361 1021 1426 ratione
1050 1365 1184 1428 etcum

172 1448 409 1514 exanimatione
431 1447 548 1513 humili
572 1452 669 1534 atque
692 1449 808 1534 fracta,
836 1451 1021 1515 nominetur
1044 1456 1184 1537 metus3

173 1542 222 1602 111
244 1537 345 1620 igitur
368 1539 474 1600 metus
496 1559 518 1602 c
539 1538 664 1602 ratione
692 1560 806 1602 aversa
836 1539 952 1604 cautio.
995 1538 1184 1604 Praesentis

121 1630 279 1692 mantem
312 1625 391 1688 mali
423 1625 578 1709 sapientis
612 1626 749 1691 adfectio
781 1627 874 1690 nulla
910 1631 972 1711 est,
1005 1627 1181 1693 stultorum
1198 1656 1225 1696 11

172 1713 339 1798 aegritudo
360 1716 423 1796 est,
446 1735 544 1798 eaque
568 1715 760 1778 'adficiuntur
782 1715 816 1778 in
834 1715 928 1778 malis
947 1715 1089 1799 opinatis
1114 1718 1182 1781 ani·

171 1823 304 1885 mosque
332 1801 507 1866 demittunt
536 1806 568 1866 et
594 1803 790 1866 contrahunt
816 1803 935 1868 rationi
962 1824 1028 1868 non
1057 1805 1183 1869 obtem-

170 1893 348 1973 perantes·
379 1888 493 1972 Itaque
520 1890 599 1954 haec
626 1891 733 1974 prima
760 1891 903 1955 definitio
927 1895 990 1974 est,
1018 1897 1055 1958 ut
1079 1892 1182 1977 aegri·

170 1978 247 2042 tudo
282 1977 325 2041 sit
357 1978 456 2042 animi
489 1978 680 2043 adversante
717 1980 841 2044 ratione
879 1980 1067 2045 contractio.
1127 1979 1182 2046 Sic

172 2068 325 2150 quattuor
339 2066 598 2148 perturbationes
614 2070 697 2150 sunt,
715 2071 780 2131 tres
796 2069 1007 2167 constantiae,
1026 2069 1181 2152 quoniam
1196 2099 1224 2138 1ο
1267 2091 1268 2094 ’

172 2152 367 2238 aegritudini
388 2153 478 2216 nulla
501 2155 684 2219 constantia
707 2154 891 2239 opponitur.

133 2245 150 2306 7
238 2238 300 2304 Sed
329 2261 439 2304 omnes
467 2243 726 2325 perturbationes
754 2243 871 2308 iudicio
899 2248 1029 2309 censent
1053 2245 1125 2310 fieri
1148 2251 1182 2312 et

172 2329 333 2413 opinione.
386 2327 500 2413 Itaque
533 2352 587 2394 eas
620 2331 775 2396 definiunt
807 2327 1268 2416 111111111111111111111·1

171 2420 228 2502 gat
230 2440 282 2503 ur,
308 2438 375 2482 non
402 2419 498 2482 modo
522 2441 619 2504 quam
641 2420 791 2504 vitiosae,
822 2420 1000 2485 sedetiam
1025 2444 1123 2505 quam
1147 2424 1181 2488 111

170 2469 283 2572 nostrai
314 2506 382 2570 sint
412 2510 583 2589 potestate.
557 2506 699 2572 etEs
684 2510 804 2594 tergo
833 2511 960 2592 aegrit
946 2509 1038 2574 tudo
1069 2532 1179 2594 opmro
1194 2537 1218 2578 11

171 2615 281 2660 recens
314 2594 392 2658 mali
424 2557 618 2678 praesentis,
648 2596 683 2661 in
715 2616 777 2682 quo
810 2597 936 2662 demitti
896 2599 1181 2699 tcontrahique

72 2756 83 2776 ι
171 2683 278 2746 animo
306 2686 431 2746 rectum
459 2704 528 2747 esse
555 2684 716 2769 videatur,
743 2685 899 2750 laetitia
927 2686 1037 2769 opinio
1067 2708 1180 2752 reeens

170 2770 248 2834 boni
270 2770 501 2871 praesentis,'
491 2793 525 2835 m
553 2794 615 2855 quo
639 2772 752 2838 ecferri
778 2777 847 2838 rect
848 2795 902 2838 um
925 2795 995 2839 esse
1023 2775 1180 2860 videatur,

172 2863 293 2923 metus
313 2858 422 2941 opinio
440 2859 656 2962 impendentis
674 2861 762 3012 natali,
782 2863 867 2945 quod
884 2863 1090 2928 intolerabile
1109 2885 1180 2933 esse

171 2945 331 3029 videatur,
354 2947 487 3014 lubido
506 2949 615 3032 opinio
634 2951 762 3014 venturi
783 2951 874 3033 boni,
898 2949 981 3034 quod
1000 2952 1044 3016 sit
1062 2969 1101 3016 ex
1119 2974 1180 3017 usu
1194 2980 1220 3020 eo

118 3055 151 3103 15
171 3035 236 3098 iam
262 3056 429 3138 praesens
448 3057 518 3101 esse
551 3040 646 3122 atque
679 3037 798 3102 adesse.
853 3036 915 3102 Sed
947 3061 1028 3122 quae
1060 3040 1181 3106 iudicia

171 3144 312 3208 quasque
342 3124 509 3207 opiniones
537 3125 716 3208 perturbat
706 3147 816 3190 1onum
844 3147 913 3190 esse
946 3127 1030 3210 dixi,
1052 3150 1118 3193 non
1145 3130 1180 3192 in

171 3211 218 3275 cis
244 3212 505 3295 perturbationes
533 3214 636 3278 solum
665 3215 752 3297 posit
754 3236 789 3278 as
817 3235 887 3278 esse
916 3215 1039 3299 dicunt,
1069 3239 1182 3283 verum

171 3299 228 3362 illa
251 3300 363 3384 etiam,
385 3323 467 3385 quae
486 3301 668 3379 efficiuntur
685 3324 743 3385 per
744 3303 997 3382 turbationibus,
1020 3307 1058 3367 ut
1078 3307 1180 3389 aegri·

170 3387 247 3452 tudo
281 3388 373 3471 quasi
405 3411 548 3453 morsum
581 3377 722 3491 aliquem
755 3391 875 3456 doloris
908 3391 1042 3475 efficiat,
1074 3397 1180 3458 metus
1194 3421 1218 3461 aa

170 3496 330 3540 recessum
354 3477 513 3560 quendam
536 3478 635 3541 animi
659 3482 692 3542 et
714 3478 840 3562 fugam,
864 3479 989 3544 laetitia
1011 3442 1180 3564 profusam

168 3561 385 3647 hilaritatem,
407 3565 518 3630 lubido
547 3564 681 3629 effrenat
667 3570 735 3630 tam
765 3567 993 3650 adpetentiam
1038 3568 1180 3651 Opina-
