2564 3950
348 215 414 272 ΜΒ.
435 216 468 271 11.
497 216 573 270 ene.
593 223 698 272 9—11.
722 224 736 285 s
756 223 875 274 aa-ae.
1052 220 1116 285 337

149 375 379 462 Olangdrem
401 378 532 444 fundit
551 381 699 444 vastum
721 384 757 444 et
776 381 938 446 sublime
957 382 1115 447 evolans

149 464 317 530 Pinnata
339 467 458 531 cauda
479 470 655 532 nostrum
679 469 812 533 adulat
835 469 1072 554 singninem.

150 551 240 618 Oum
261 557 351 619 ve‘ro
370 555 525 620 adesum
549 557 693 626 inflatu
711 561 980 623 renovatdmst
999 559 1116 641 ieeur,

148 641 239 706 Tum
253 648 404 707 rursum
417 647 566 709 taetros
582 645 694 710 avida
708 667 747 710 se
769 646 812 710 ad
831 650 966 729 pastris
985 645 1108 711 refert

129 755 130 758 ¹
150 727 213 794 Sic
236 729 332 796 hanc
356 732 559 797 custodem
581 733 719 798 maesti
744 735 937 800 cruciatus
961 736 1035 819 alo,

151 817 254 894 Quae
277 822 333 885 me'
355 821 516 903 perenni
539 819 665 886 virum
688 821 820 887 foedat
842 821 1008 887 miseria.

150 893 334 990 Namque,
356 909 733 993 dividebis‚v1‘nclis
754 910 991 976 constrictus
1009 910 1114 975 Iovis

150 993 293 1059 Arcere
316 1017 462 1080 nequeo
487 995 607 1062 diram
629 999 821 1063 volucrem
845 1001 863 1063 a
886 1004 1052 1084 pectore.

151 1079 213 1147 Sic
236 1105 291 1148 me
314 1082 397 1167 ipse
419 1083 555 1150 viduus
578 1088 707 1169 pe‘stes
733 1087 881 1170 excipio
905 1086 1040 1152 anxias
1133 1109 1166 1158 25

149 1169 287 1236 Amore
310 1173 448 1237 mortis
470 1175 676 1239 terminum
700 1175 905 1258 anquirens
928 1175 1032 1258 mali,

149 1257 221 1324 Sed
243 1259 360 1345 longe
384 1283 403 1325 a
425 1261 505 1326 leto
528 1263 682 1327 mimine
705 1263 877 1346 aspelldr
897 1263 1012 1328 Iovis.

148 1347 275 1432 Atque
306 1347 399 1414 haec
431 1354 588 1414 vetusta
616 1349 757 1415 saeclis
785 1352 1000 1436 glomerata
1028 1351 1114 1416 hdr-

926 1439 1025 1504 ridis

147 1522 342 1589 Luctifica
364 1526 493 1591 clades
516 1529 649 1591 nostro
672 1527 796 1591 infixa
818 1531 877 1592 est
902 1528 1069 1612 corpori,

147 1611 176 1676 ll
200 1614 272 1696 quo
295 1613 468 1697 liquatae
492 1615 586 1679 solis
609 1615 745 1680 ardore
773 1615 955 1680 excidunt

61 1724 87 1764 15
148 1698 304 1784 Guttae‘,
323 1723 418 1786 quae
437 1725 530 1767 saxa
548 1701 705 1768 adsidue
724 1703 926 1768 instillant
942 1702 1113 1798 Caricasi.

8 1799 11 1904 Ι
102 1875 168 1941 Vix
195 1877 296 1962 igitur
322 1899 418 1962 posse
448 1873 603 1943 videmur'
619 1879 667 1943 ita
689 1878 851 1944 adfectum
872 1900 939 1945 non
961 1879 1113 1944 miserum
1151 1936 1154 1946 ,

8 2023 10 2040 q
103 1965 208 2030 dicere
232 1969 278 2049 et,
303 1965 331 2029 si
354 1966 440 2031 hunc
462 1969 628 2045 miserum,
652 1971 737 2033 certe
760 1967 903 2034 dolorem
926 1968 1055 2033 malum.
1126 2018 1164 2081 n

9 2067 11 2076 ’
169 2053 210 2118 Α.
237 2053 287 2118 Tu
309 2054 438 2138 quidem
462 2054 565 2121 adhuc
583 2077 688 2120 meam
709 2077 841 2122 causam
864 2057 949 2141 agis3
972 2055 1028 2120 sed
1050 2056 1113 2121 hoc
1132 2097 1165 2143 23

102 2164 179 2207 mox
209 2141 333 2226 videro,
369 2141 507 2228 interea,
542 2144 627 2208 unde
662 2144 719 2210 isti
755 2145 887 2210 versus?
922 2166 990 2210 non
1026 2145 1112 2209 enim

61 2236 88 2292 ao
103 2230 275 2315 adgnosco.

168 2325 213 2383 Μ.
237 2317 352 2383 Dicam
375 2317 496 2403 hercle3
524 2320 642 2384 etenim
670 2323 756 2384 reete
782 2319 927 2403 requiris.
972 2319 1112 2385 Videsne

9 2487 10 2490 Ἴ
103 2406 268 2471 abundare
291 2427 343 2471 me
365 2406 459 2472 otio?

170 2495 212 2560 A.
238 2494 438 2570 Quietum?

168 2589 214 2648 Μ.
240 2581 346 2647 Fuisti
378 2605 487 2668 saepe,
525 2585 630 2669 credo,
668 2605 740 2648 eum
771 2583 910 2648 Athenis
944 2603 1044 2667 esses,
1078 2583 1113 2647 in

62 2695 89 2734 25
103 2669 224 2737 scholis
250 2670 529 2756 philosophorum.

168 2759 210 2825 A.
238 2758 339 2843 Vero,
362 2781 399 2825 ac
421 2761 560 2826 libenter
582 2761 720 2845 quidem.

168 2853 214 2912 M.
237 2846 526 2912 Animadvertebas
544 2849 658 2932 igitur,
682 2848 744 2913 etsi
761 2851 832 2912 tum
850 2868 946 2912 nemo
969 2852 1039 2913 erat
1058 2849 1112 2913 ad·
1131 2910 1132 2913 ,

101 2937 233 3002 modum
253 2936 417 3020 copiosus,
436 2957 546 3000 verum
565 2941 674 3001 tamen
691 2959 803 3002 versus
822 2936 864 3001 ab
882 2936 923 3002 iis
942 2936 1112 3002 admisceri

103 3025 254 3090 orationi.

62 3137 89 3176 so
167 3113 209 3178 A.
237 3112 285 3177 Ac
308 3113 430 3178 multos
452 3113 582 3198 quidem
604 3136 624 3178 a
645 3107 805 3197 Dionysio
830 3110 948 3178 Stoice.

168 3201 216 3266 M.
238 3200 344 3266 Probe
372 3200 460 3266 dicis.
516 3199 579 3266 Sed
605 3201 634 3266 is
661 3202 754 3285 quasi
781 3201 916 3284 dictata,
947 3199 1038 3265 nullo
1066 3200 1112 3264 di-

101 3291 200 3374 lectu,
234 3290 324 3354 nulla
355 3289 530 3374 elegantia,
561 3289 654 3354 Philo
688 3293 720 3353 et
751 3289 882 3373 proprio
913 3310 1047 3354 numero
1080 3294 1113 3352 et

101 3379 187 3444 lecta
213 3381 366 3463 poemata
392 3382 425 3443 et
452 3378 523 3444 loco
555 3377 760 3463 adiungebat.
805 3377 918 3462 ltaque
941 3380 1112 3462 postquam

102 3467 252 3532 adamavi
273 3467 358 3531 hanc
381 3466 474 3550 quasi
499 3466 633 3531 senilem
660 3466 940 3544 declamationem,
968 3465 1111 3530 studiose

62 3556 249 3640 nequidem
279 3559 354 3620 utor
385 3554 506 3621 nostris
538 3557 658 3639 poitis3
690 3555 748 3619 sed
779 3553 882 3619 sicubi
915 3553 963 3618 illi
991 3554 1112 3619 defece-

154 3668 209 3710 orc.
222 3669 264 3710 iv.
284 3671 303 3709 1.
914 3663 948 3711 22
