2544 3952
165 217 232 280 432
361 217 658 273 TUSCULANARUM
678 217 979 273 DISPUTATIONUM

166 381 256 464 bato,
276 380 358 445 illud
376 380 472 445 modo
491 380 665 465 explicant,
684 380 723 444 de
742 364 805 464 quo
825 382 900 445 ante
917 380 999 444 nihil
1019 382 1179 465 seriptum

166 471 230 552 est3
252 468 437 553 philosophi
460 489 694 552 quamcumque
716 489 785 533 rem
812 468 934 533 habent
961 469 995 532 in
1017 467 1179 554 manibus

165 557 202 620 in
229 577 301 620 eam
328 579 410 640 quae
438 557 643 639 conveniunt,
670 559 850 640 congerunt
877 557 999 641 omnia,
1026 559 1090 622 etsi
1114 559 1179 623 alio

166 645 239 710 loeo
263 644 428 727 disputata
451 649 535 709 sunt.
559 643 675 720 ,Quod
700 643 735 708 ni
762 645 811 708 ita
832 648 931 728 esset,
959 667 1015 710 our
1038 643 1180 731 Stoicus,
1265 691 1266 702 l

165 733 196 797 si
219 737 304 796 esset
327 733 520 817 quaesitum,
547 734 670 797 satisne
693 732 733 796 ad
760 733 855 798 beate
877 733 1050 797 vivendum
1072 734 1206 802 virtuss

166 825 291 904 posset,
320 821 425 884 multa
454 820 595 886 diceret?
625 821 677 884 eui
704 821 784 885 satis
812 824 898 886 esset
923 821 1120 904 respondere
1145 844 1179 888 se

165 912 242 985 ente
269 908 416 973 docuisse
442 908 525 973 nihil
549 910 669 974 bonum
697 930 781 992 esse,
807 909 873 973 nisi
895 910 982 992 quod
1004 910 1180 975 honestum

167 1001 267 1080 esset,
288 996 352 1061 hoo
374 997 511 1080 probato
535 1017 731 1080 consequens
755 1019 825 1062 esse
847 997 977 1062 beatam
995 999 1097 1062 uitam
1115 999 1180 1063 uir·
1265 1047 1266 1052 η

167 1088 238 1149 tute
261 1105 331 1149 esse
354 1088 550 1169 contentam,
574 1089 607 1151 et
629 1107 693 1169 quo
716 1084 812 1150 modo
835 1085 897 1150 hoo
916 1085 960 1150 sit
979 1105 1180 1169 consequens

168 1173 230 1255 illi,
253 1173 299 1236 sio
322 1172 402 1236 illud
425 1173 513 1256 huie,
541 1176 590 1256 ut,
618 1173 647 1238 si
669 1173 766 1238 beata
787 1173 857 1237 vita
878 1174 997 1238 virtute
1025 1178 1222 1241 contentam
1265 1217 1266 1258 3

168 1261 224 1343 sit,
253 1257 319 1324 nisi
347 1260 519 1325 honestum
548 1261 632 1346 quod
662 1261 718 1344 sit,
745 1261 828 1325 nihil
858 1261 947 1326 aliud
977 1261 1020 1326 sit
1045 1263 1179 1340 bonnm.
1259 1259 1266 1330 l

117 1361 149 1409 19
169 1346 231 1413 Sed
257 1352 367 1413 tamen
387 1369 455 1414 non
477 1353 578 1434 agunt
601 1348 660 1432 sio3
689 1371 766 1412 nam
789 1353 822 1414 et
847 1350 888 1415 de
914 1349 1052 1414 honesto
1076 1354 1111 1414 et
1140 1351 1180 1415 de

168 1436 403 1502 summobono
427 1437 601 1521 separatim
622 1437 701 1501 libri
723 1441 812 1521 sunt,
835 1443 868 1502 et
889 1458 962 1503 oum
985 1460 1025 1503 ex
1048 1460 1086 1504 eo
1110 1439 1180 1503 effi-

168 1525 272 1590 oiatur
303 1525 381 1589 satis
413 1545 566 1610 magnam
597 1525 633 1589 in
663 1525 784 1590 virtute
812 1525 852 1589 ad
881 1526 975 1590 beate
1005 1527 1180 1592 vivendum

167 1635 237 1678 esse
260 1613 339 1691 vim,
362 1613 590 1678 nihilominus
613 1612 676 1677 hoo
693 1616 797 1698 agunt
814 1615 996 1696 separatim.
1032 1614 1179 1698 Propriis
1196 1642 1222 1682 15

168 1701 254 1765 enim
281 1705 315 1764 et
336 1701 404 1765 suis
429 1701 628 1786 argumentis
652 1704 684 1764 et
707 1701 980 1768 admonitionibus
1007 1704 1181 1769 tractanda
1263 1719 1266 1736 ⁴

168 1810 311 1872 quaeque
334 1810 385 1853 res
409 1793 471 1867 est,
499 1793 592 1854 tanta
620 1789 819 1873 praesertim.
866 1787 952 1854 Uare
975 1792 1061 1856 enim
1083 1795 1179 1875 putes
1265 1869 1266 1878 ἵ

167 1877 268 1940 ullam
283 1876 318 1940 in
331 1876 538 1961 philosophia
551 1899 661 1943 vocem
676 1878 828 1942 emissam
842 1879 1020 1962 elatiorem,
1033 1879 1180 1945 ullumve

168 1985 238 2028 esse
256 1964 482 2048 philosophiae
500 1967 696 2048 promissum
714 1966 844 2031 uberius
864 1969 921 2031 aut
938 1967 1050 2031 maius.
1091 1967 1180 2033 Nam

54 2067 59 2078 ’
168 2053 245 2135 quid
266 2053 457 2135 profitetur?
485 2074 505 2116 o
529 2052 561 2119 di
584 2054 674 2119 boni!
700 2053 918 2138 perfeeturam
940 2076 989 2139 se,
1020 2055 1075 2138 qui
1098 2055 1179 2140 legi·
1196 2084 1224 2123 so
1265 2131 1266 2140 χ

167 2140 228 2203 bus
252 2140 318 2203 suis
340 2141 514 2224 paruisset,
540 2144 578 2206 ut
605 2144 691 2206 esset
718 2145 830 2208 eontra
856 2143 1021 2224 fortunam
1048 2165 1181 2227 semper
1265 2145 1266 2156 ‘

169 2230 325 2310 armatus,
343 2231 381 2292 ut
398 2229 508 2294 omnia
526 2229 689 2312 praesidia
710 2230 846 2295 haberet
863 2231 899 2296 in
917 2252 951 2295 se
969 2231 1051 2296 beno
1069 2231 1179 2297 beate·

21 2303 30 2322 ⁵
115 2338 150 2386 ²⁰
166 2315 413 2468 tiall‘nlll
434 2320 587 2470 ”latii
616 2318 907 2471 ltdtlltoe
925 2317 1180 2472 ,efflemsi

168 2427 637 2578 abetu11i0,qquodepollibetur.
672 2493 705 2558 N
707 2429 759 2559 ill
781 2429 904 2559 xerxis
923 2429 1056 2579 hibidem
1077 2429 1179 2561 roffi
1193 2523 1223 2565 25

166 2584 220 2645 tus
239 2581 388 2646 omnibus
406 2582 558 2664 praemiis
577 2582 732 2666 donisque
750 2582 913 2664 fortunae,
933 2605 1001 2648 non
1020 2584 1179 2670 equitatu,

167 2691 235 2734 non
256 2669 459 2751 pedestribus
482 2671 598 2754 oopiis,
622 2691 688 2734 non
709 2671 842 2736 navium
864 2671 1084 2756 multitudine,
1111 2695 1180 2738 non
1265 2751 1266 2756 γ

167 2757 293 2820 infinito
320 2757 461 2840 pondere
485 2758 555 2822 auri
578 2759 762 2842 contentus,
789 2759 970 2843 praemium
998 2761 1179 2845 proposuit,

169 2845 224 2927 qui
250 2845 426 2910 invenisset
451 2867 569 2910 novam
595 2846 811 2930 voluptatem
839 2857 914 2932 qua'
931 2848 1004 2930 ipsa
1025 2870 1092 2914 non
1114 2848 1180 2914 fuit
1265 2877 1266 2902 1

168 2935 351 3018 contentum
374 2955 476 3018 neque
500 2934 585 2998 enim
603 2956 757 3018 umquam
780 2935 877 2999 finem
899 2935 1044 3000 inveniet
1065 2936 1178 3003 libido.
1191 2964 1221 3005 eo

107 3037 117 3048 ·
166 3019 238 3085 Nos
260 3021 377 3085 uellem
399 3022 543 3104 praemio
570 3022 684 3087 elicere
710 3044 893 3107 possemus,
922 3023 979 3109 qui
1000 3023 1096 3090 nobis
1120 3025 1178 3090 ali·

122 3155 142 3220 8
168 3108 245 3192 quid
269 3107 447 3194 attulisset,
470 3131 533 3193 quo
556 3109 618 3175 hoo
641 3109 765 3176 firmius
789 3111 999 3177 crederemus.
1265 3153 1266 3156 =

115 3234 147 3281 21
234 3196 275 3263 A.
302 3195 429 3262 Vellem
458 3196 492 3261 id
520 3197 663 3282 quidem,
696 3199 751 3263 sed
780 3199 885 3264 habeo
914 3200 1061 3284 paulum,
1092 3203 1179 3286 quod
1265 3231 1266 3236 ¹

167 3283 338 3367 requiram.
382 3283 455 3370 Ego
479 3286 566 3350 enirn
589 3286 754 3352 adsentior
775 3309 900 3374 eorum,
925 3309 1006 3373 quae
1029 3289 1178 3374 posuisti,

167 3371 305 3438 alterum
333 3373 428 3438 alteri
455 3396 652 3458 consequens
676 3395 759 3460 esse,
781 3381 832 3460 ut,
856 3397 951 3462 quem
974 3376 1016 3441 ad
1037 3377 1177 3462 modum,
1191 3404 1219 3446 rs

167 3460 775 3616 ledttttlhlbhltt
798 3465 843 3618 t
854 3465 1178 3619 tilberhti?

694 3601 703 3634 7
777 3601 785 3632 2
