2564 3950
149 215 214 281 190
311 217 360 270 DE
379 216 524 272 FINIBUS
542 215 723 272 BONORUM
739 216 787 270 ΕΤ
806 215 987 272 MALORUM

149 377 193 442 sit
219 377 410 480 eadmemt
358 401 395 443 ra
397 379 456 461 tio,
482 381 580 478 propt
581 399 653 442 erec
676 378 762 461 quod
785 377 866 442 hseo
887 379 1046 460 plurimae
1070 401 1157 481 com-

148 554 274 620 artibus
291 576 358 620 non
376 554 427 636 sit,
445 575 463 618 e
464 553 583 637 tqnod
601 553 704 617 virtus
718 553 844 618 stabilit
829 557 940 636 tatem,
958 555 1156 639 firmitatem,

148 642 365 708 constantiam
383 641 484 708 totius
502 642 588 706 ritae
607 640 802 723 complectet
768 663 850 724 aur,
868 642 1025 708 necheco
1043 605 1156 708 cadoni

148 730 182 795 in
205 730 328 796 artibus
352 750 422 794 esse
445 728 621 794 videamus.
1170 756 1184 797 5

213 817 374 901 Deinceps
392 817 571 899 explicatur
588 816 771 882 differentia
788 839 909 899 rerum,
928 839 1024 902 quam
1043 819 1071 882 si
1089 841 1157 884 non

148 905 248 970 ullam
275 926 346 970 esse
372 905 563 987 diceremus,
592 903 839 970 confunderetur
871 906 976 970 omnis
1008 907 1089 989 vita,
1120 911 1157 972 ut

148 993 189 1058 ab
213 993 380 1078 Aristone,
401 1013 504 1077 neque
526 993 629 1058 ullum
652 993 832 1075 sapientiae
853 1015 970 1058 munus
995 998 1051 1058 aut
1073 1015 1155 1077 opus

147 1080 358 1165 inveniretur,
381 1103 453 1146 cum
475 1081 562 1145 inter
583 1102 636 1144 res
659 1101 726 1163 eas,
750 1101 832 1164 quae
854 1080 896 1145 nd
921 1081 1021 1146 vitam
1041 1081 1157 1166 degen-

148 1168 222 1234 dam
239 1170 452 1251 pertinerent,
473 1168 557 1232 nihil
575 1169 706 1234 omnino
723 1168 909 1252 interesset,
931 1191 1035 1254 neque
1052 1169 1155 1234 ullum
1171 1197 1198 1236 ιο

147 1256 301 1322 dilectum
324 1256 470 1320 adhiberi
497 1259 670 1338 oporteret.
720 1255 834 1339 Itaque
860 1278 933 1322 cum
961 1260 1047 1322 esset
1073 1259 1155 1322 satis

148 1343 357 1408 constitutum
389 1343 423 1408 id
454 1343 560 1408 solum
591 1365 661 1408 esse
695 1344 830 1429 bonum,
865 1345 951 1428 quod
978 1349 1064 1410 esset
1099 1345 1155 1410 ho-

147 1435 290 1514 nestum,
317 1435 350 1496 et
377 1431 411 1496 id
440 1431 562 1496 malum
586 1431 706 1514 solum,
730 1431 814 1516 quod
841 1435 949 1515 turpe,
979 1436 1047 1497 tum
1070 1433 1156 1498 inter

147 1520 218 1603 illa,
240 1541 324 1603 quae
344 1519 428 1584 nihil
451 1520 595 1586 valerent
618 1519 660 1584 ad
682 1519 777 1586 beate
800 1520 956 1586 misereve
975 1521 1156 1604 vivendum,

148 1607 269 1692 aliquid
286 1611 405 1692 tamen,
423 1608 509 1692 qnod
527 1607 682 1689 differret,
701 1628 771 1674 esse
789 1609 969 1692 voluerunt,
991 1612 1030 1674 ut
1047 1615 1155 1674 essent
1170 1635 1196 1674 m

148 1717 259 1762 eorum
290 1697 357 1762 alia
387 1695 616 1780 aestimabilia,
647 1696 711 1760 alia
742 1700 868 1780 contra,
901 1697 968 1760 alia
998 1700 1155 1762 neutrum.

96 1803 127 1850 ιι
148 1782 238 1860 Quae
265 1788 373 1850 autem
401 1784 603 1850 aestimanda
631 1788 752 1867 essent,
779 1805 891 1850 eorum
919 1784 955 1848 in
978 1784 1050 1849 aliis
1074 1786 1155 1852 setis
1276 1797 1277 1804 ’

148 1893 217 1938 esse
241 1893 372 1956 causae,
394 1894 491 1956 quam
512 1873 640 1938 obrem
663 1871 854 1956 quibusdam
874 1877 1155 1956 anteponerentur,

147 1964 184 2024 ut
214 1961 250 2032 in
281 1960 479 2043 valetudine,
510 1963 547 2026 ut
577 1960 613 2024 in
638 1959 826 2044 integritate
856 1981 1021 2038 sensuum,
1052 1964 1091 2025 ut
1120 1961 1155 2025 in

148 2047 268 2112 doloris
306 2047 480 2130 vacuitate,
514 2051 552 2112 ut
586 2047 726 2132 gloriae,
764 2048 964 2132 divitiarum,
1002 2049 1154 2114 similium
1168 2075 1195 2114 ιο

147 2156 267 2216 rerum,
285 2135 352 2200 alia
369 2138 478 2198 autem
494 2156 561 2200 non
579 2155 649 2200 esse
668 2134 857 2219 eiusmodi,
874 2137 1016 2219 itemque
1034 2157 1155 2220 corum,

148 2243 229 2306 quae
259 2223 350 2287 nulla
381 2222 605 2288 aestimatione
637 2222 735 2306 digna
766 2228 887 2302 essent,
922 2225 1042 2307 partim
1074 2225 1154 2290 satis
1275 2227 1276 2233 ’

147 2311 266 2375 habere
290 2331 418 2395 causae,
441 2332 539 2396 quam
562 2311 691 2376 obrem
713 2311 921 2393 reicerentur,
944 2317 981 2375 ut
1001 2311 1155 2395 dolorem,

147 2400 310 2501 morbum,
342 2407 501 2464 sensuum
533 2399 752 2482 amissionem,
788 2404 1027 2550 paupertatem,
1062 2401 1155 2483 igno·
1274 2447 1275 2450 ,

147 2488 297 2571 miniam,
324 2487 445 2554 similia
471 2486 601 2572 horum,
627 2509 686 2571 par
688 2488 749 2552 tim
772 2508 838 2554 non
865 2487 953 2552 it.em
997 2485 1082 2554 Hinc
1105 2492 1156 2554 est
1169 2513 1195 2554 rs

147 2576 227 2640 illud
245 2579 407 2660 exortum,
425 2575 510 2660 quod
528 2574 614 2642 Zeno
632 2573 854 2659 προηγμένον,
874 2579 1050 2676 contraque
1068 2575 1156 2659 quod

147 2657 424 2747 ἀποπροηγμένον
455 2664 647 2745 nominavit,
684 2684 757 2728 oum
792 2667 937 2728 uteretur
972 2664 1007 2728 in
1042 2663 1156 2748 lingua
1273 2725 1274 2732 ,

147 2751 279 2833 copiosa
300 2750 396 2814 factis
418 2755 529 2815 tamen
550 2713 736 2816 nominibus
760 2773 798 2816 ao
820 2751 928 2834 novis,
951 2750 1037 2835 quod
1058 2752 1155 2817 nobis

146 2839 181 2901 in
213 2836 316 2901 hac
305 2839 397 2921 mopi
429 2838 542 2923 lingua
567 2859 634 2904 non
664 2838 863 2922 conceditur3
896 2860 1091 2923 quamquam
1119 2845 1155 2904 tu

145 2924 229 2990 hano
247 2926 461 3010 copiosiorem
481 2926 579 2992 etiam
598 2926 682 2991 soles
700 2925 815 2992 dicere.
847 2923 910 2992 Sed
927 2947 994 2993 non
1014 2927 1154 2993 alienum
1168 2953 1195 2994 οο
1272 2983 1273 3014 ,

147 3018 210 3097 est,
228 3033 292 3099 quo
310 3012 439 3078 facilius
458 3014 508 3078 vis
527 3014 618 3079 verbi
634 3014 856 3100 intellegatur,
879 3015 1038 3080 rationem
1058 3015 1155 3080 huius
1272 3015 1273 3019 ’

147 3102 238 3166 verbi
259 3101 401 3166 faciendi
423 3100 564 3167 Zenonis
588 3123 758 3186 exponere.

95 3257 137 3380 ii
213 3278 260 3344 Ut
278 3279 377 3362 enim,
399 3277 520 3362 inquit,
542 3299 638 3343 nemo
657 3279 764 3344 dicit
754 3301 787 3344 ιιι
807 3279 897 3362 regia
914 3299 1025 3364 regem
1048 3280 1155 3363 ipsum
1271 3215 1272 3281 i

147 3367 239 3450 qusai
270 3366 463 3451 productum
496 3387 566 3430 esse
603 3367 643 3432 ad
665 3366 872 3469 'dignitatem
909 3364 957 3450 (id
989 3373 1040 3432 est
1069 3367 1155 3433 enim
1244 3385 1271 3452 ¹,

146 3451 386 3540 προηγμένον),
422 3453 478 3519 sed
513 3475 584 3538 eos,
620 3455 674 3539 qui
706 3455 741 3518 in
774 3454 883 3538 aliquo
914 3453 1039 3520 honore
1071 3459 1156 3536 sunt,
1170 3481 1196 3522 as
1270 3461 1271 3543 l

148 3562 284 3623 quorum
316 3542 393 3607 ordo
424 3542 571 3626 proxime
603 3541 741 3626 secedit,
773 3545 810 3607 ut
842 3543 999 3608 secundus
1027 3543 1084 3621 sit,
1115 3539 1156 3606 ad
