2552 3966
320 236 388 292 aia.
409 236 443 291 11.
472 196 549 291 one.
570 243 616 306 17,
637 243 677 293 rs.
707 242 863 302 eas-oo.
1052 237 1095 301 47

80 398 179 464 nobis
199 399 279 465 satis
299 402 429 466 ostova
452 399 510 464 illa
527 421 593 464 non
611 399 835 464 internoscere.
873 399 985 466 Nihilo
1008 401 1096 465 enim

84 488 190 573 magis
215 487 372 553 adsentiri
394 510 455 572 par
476 493 521 554 est
542 493 602 554 hoc
624 488 706 553 illud
729 510 812 573 esse,
840 510 937 573 quam
960 489 988 552 si
1011 489 1096 553 inter

81 576 143 640 illa
171 577 303 641 omnino
330 577 413 662 nihil
444 576 624 642 interesset.
678 575 792 641 Habeo
824 576 909 641 enim
940 578 1096 662 regulam,

83 667 122 728 nt
151 665 233 729 talia
265 665 337 730 visa
367 687 445 730 vera
475 665 627 748 iudicem,
663 665 774 750 qualia
805 664 888 730 falsa
924 687 994 730 esse
1029 688 1095 730 non

55 753 226 836 spossint3
252 754 293 818 ab
316 753 379 818 hac
402 752 483 818 mihi
500 776 568 818 non
585 753 662 819 licet
678 759 913 836 transversum,
936 757 972 818 ut
995 753 1096 837 aiunt,

83 841 225 926 digitum
248 841 424 925 discedere,
453 863 495 906 ne
519 842 715 907 confundam
738 842 855 908 omnia.
906 841 985 907 Veri
1008 843 1095 906 enim

83 932 116 994 et
137 929 216 994 falsi
233 952 301 996 non
319 930 416 996 modo
440 930 599 1015 cognitio,
622 929 797 996 sedetiam
815 934 932 996 natura
954 931 1095 1014 tolletur,

83 1018 113 1082 si
138 1017 223 1083 nihil
247 1019 320 1096 erit,
349 1019 435 1103 quod
461 1019 604 1103 intersit3
633 1023 670 1084 ut
693 1019 792 1084 etiam
816 1019 897 1084 illud
920 1019 1095 1084 absurdum

83 1106 140 1192 sit,
164 1107 252 1191 quod
274 1107 437 1172 interdum
455 1107 567 1172 soletis
586 1107 704 1192 dicere,
727 1128 799 1172 cum
819 1109 890 1173 visa
912 1108 948 1173 in
969 1109 1094 1172 animos

45 1221 70 1260 ro
83 1195 328 1280 imprimantur,
364 1217 431 1260 non
465 1218 523 1261 vos
560 1196 594 1260 id
633 1197 753 1279 dicere,
788 1195 874 1260 inter
909 1197 999 1281 ipsas
1035 1197 1094 1261 im·

82 1285 268 1367 pressiones
295 1284 377 1348 nihil
404 1285 575 1368 interesse,
602 1285 658 1350 sed
685 1285 771 1349 inter
797 1285 920 1369 species
943 1289 976 1350 et
1003 1307 1096 1370 quas-

83 1372 157 1437 dam
180 1372 304 1438 formas
328 1394 449 1438 eorum.
486 1373 586 1450 Quasi
608 1395 684 1438 vero
703 1395 771 1439 non
793 1372 899 1457 specie
919 1375 991 1439 visa
1014 1373 1095 1438 iudi·

83 1463 208 1526 centur!
237 1483 320 1545 quae
347 1461 443 1526 fidem
469 1462 594 1526 nullam
621 1462 789 1527 habebunt
817 1463 947 1527 sublata
972 1463 1040 1527 veri
1063 1467 1096 1526 et

81 1549 156 1614 falsi
179 1553 269 1615 nota.
306 1549 392 1614 Illud
409 1571 485 1616 vero
503 1550 751 1635 perabsurdum,
775 1549 860 1634 quod
881 1551 998 1633 dicitis,
1021 1573 1094 1635 pro·
1114 1562 1148 1611 aa
1256 1611 1257 1618 ,

43 1661 68 1701 15
82 1638 210 1704 babilia
232 1660 290 1704 vos
314 1639 420 1722 sequi,
448 1638 477 1702 ei
504 1639 651 1703 nullane
674 1637 903 1721 impediamini.
950 1637 1095 1704 Primum
1209 1653 1211 1657 “

82 1727 137 1810 qui
166 1726 307 1810 potestis
339 1747 406 1792 non
437 1727 601 1811 impediri,
639 1747 711 1790 cum
744 1749 764 1790 a
794 1727 878 1792 veris
913 1727 998 1791 falsa
1029 1749 1096 1793 non

82 1813 224 1880 distent?
265 1814 379 1880 deinde
421 1816 507 1899 quod
542 1815 696 1880 iudicium
733 1817 783 1879 eet
818 1815 899 1899 veri,
942 1836 1016 1880 cum
1052 1817 1096 1880 sit

83 1925 255 1970 commune
289 1903 391 1968 falsi?
444 1903 497 1968 Ex
532 1904 583 1968 his
619 1904 679 1968 ille
714 1903 895 1969 necessario
932 1906 1010 1968 nata
1046 1909 1096 1969 est

82 1989 200 2076 ἐποχή,
223 1992 258 2057 id
281 1995 331 2056 est
353 1991 554 2057 adsensionis
577 1993 728 2076 retentio,
751 1992 786 2056 in
809 2013 872 2076 qua
894 1993 1007 2057 melius
1032 1993 1095 2058 sibi

43 2105 69 2146 ro
82 2081 232 2150 constitit
259 2079 437 2165 Arcesilas,
465 2081 494 2145 si
520 2103 598 2146 vera
625 2084 713 2164 sunt,
746 2103 827 2165 quae
859 2081 897 2145 de
930 2078 1095 2146 Carneade

81 2192 146 2235 non
172 2169 258 2234 nulli
284 2169 482 2234 existimant.
532 2168 567 2234 si
594 2170 680 2234 enim
706 2169 831 2253 percipi
862 2169 945 2234 nihil
977 2173 1095 2254 potest,

81 2259 168 2342 quod
192 2257 320 2342 utrique
337 2257 443 2323 visum
462 2260 527 2340 cst,
549 2259 711 2324 tollendus
735 2257 890 2323 adsensus
913 2261 971 2323 est.
1010 2258 1095 2335 Quid

82 2348 169 2412 enim
194 2349 245 2410 est
273 2349 342 2411 tam
369 2346 492 2432 futtile,
503 2368 601 2430 quam
631 2347 801 2431 quicquam
826 2346 1005 2432 adprobare
1029 2369 1095 2413 non

82 2434 275 2520 cognitum?
322 2433 521 2500 Carneadem
545 2438 653 2499 autem
676 2434 775 2498 etiam
797 2435 867 2498 heri
885 2435 1095 2500 audiebamus

46 2525 218 2590 insolitum
236 2545 306 2588 esse
320 2544 353 2589 co
372 2523 480 2588 delabi
497 2523 668 2606 interdum,
687 2526 724 2587 ut
723 2523 863 2615 ⁴diceret
879 2524 1096 2608 opinaturum,

82 2613 114 2677 id
144 2617 197 2677 est
219 2615 439 2695 peccaturum,
466 2633 536 2677 esse
560 2611 748 2695 sapientem.
797 2610 880 2675 Mihi
910 2633 1007 2696 porro
1030 2634 1097 2678 non

82 2705 152 2765 tam
176 2703 302 2766 certum
325 2705 374 2766 est
400 2721 470 2766 esse
494 2700 628 2785 aliquid,
656 2700 741 2784 quod
769 2700 955 2784 comprendi
981 2701 1097 2785 possit,

40 2859 45 2872 ‚
83 2790 121 2854 de
146 2811 210 2874 quo
235 2789 299 2854 iam
322 2788 459 2853 nimium
483 2789 581 2854 etiam
604 2788 658 2854 diu
682 2788 826 2872 disputo,
849 2811 947 2874 quam
970 2790 1096 2874 sapien·

83 2883 150 2942 tem
172 2877 258 2944 nihil
282 2877 422 2961 opinari,
448 2877 481 2941 id
509 2881 559 2942 cst
585 2899 762 2961 numquam
790 2878 947 2942 adsentiri
969 2879 1016 2943 rci
1046 2879 1097 2943 vel

46 2991 71 3032 so
84 2967 185 3032 falsae
209 2967 260 3030 vel
283 2965 476 3052 incognitae.
520 2965 635 3031 Restat
658 2966 751 3048 illud,
775 2966 861 3051 quod
884 2967 1007 3049 dicunt,
1030 2967 1097 3031 veri
1116 2978 1149 3028 60

84 3054 272 3120 inveniundi
308 3075 406 3120 causa
432 3057 545 3120 contra
573 3054 684 3120 omnia
707 3055 770 3119 dici
798 3058 946 3139 oportere
973 3059 1006 3119 et
1038 3077 1096 3138 pro

85 3144 246 3209 omnibus.
295 3143 380 3209 Volo
408 3142 511 3228 igitur
532 3143 654 3227 videre,
682 3142 759 3228 quid
784 3143 974 3209 invenerint.
1018 3142 1097 3208 Non

86 3233 241 3314 solemus,
265 3231 384 3316 inquit,
408 3231 584 3297 ostendere.
607 3267 650 3278 -·-
674 3232 761 3308 Quae
784 3235 859 3297 sunt
881 3232 1011 3296 tandem
1034 3232 1097 3296 ista

86 3319 265 3406 mysteria?
294 3323 351 3384 aut
377 3342 434 3384 cur
461 3320 586 3399 celatis,
615 3321 709 3405 quasi
735 3323 829 3405 turpe
858 3320 993 3404 aliquid,
1027 3341 1097 3384 sen-

49 3435 73 3476 sa
87 3409 225 3474 tentiam
247 3408 412 3474 vestram?
437 3445 479 3456 -—
501 3408 562 3491 Ut,
584 3409 640 3492 qui
661 3409 805 3490 audient,
828 3409 948 3493 inquit,
971 3407 1096 3472 ratione

86 3498 195 3584 potius
219 3519 317 3581 quam
336 3496 528 3562 auctoritate
547 3497 714 3562 ducantur.
738 3533 779 3544 -—
805 3496 902 3578 Quid,
926 3495 954 3560 ei
972 3499 1097 3561 utrum-

34 3657 35 3662 ,
87 3587 168 3673 que?
192 3608 271 3650 num
295 3585 386 3670 peius
410 3585 482 3650 est?
526 3584 635 3651 Unum
658 3588 768 3650 tamen
790 3585 869 3650 illud
891 3605 956 3650 non
981 3583 1097 3668 celant,
