2538 3956
178 198 244 262 442
374 197 671 254 TUSCULANARUM
688 196 990 252 DISPUTATIONUM

177 362 259 446 pleri
290 365 424 446 negant3
456 359 492 424 hi
519 364 627 425 autem
655 359 723 422 sinc
750 359 791 424 iis
820 380 889 424 esse
916 359 1039 423 nullam
1070 362 1193 443 putant

178 454 247 534 aut,
280 450 309 514 si
341 450 384 514 sit
415 449 525 532 beata,
557 448 779 512 beatissimam
811 451 897 512 certe
929 451 1062 532 negant.
1116 447 1191 513 Nos

178 542 285 619 autem
316 537 464 602 volumus
496 536 730 620 beatissimam,
766 535 860 620 idque
894 536 988 600 nobis
1021 534 1191 601 Socratica

177 627 235 691 illa
262 626 467 690 conclusione
495 625 711 690 confirmatur.
761 621 814 688 Sic
841 624 926 688 enim
953 625 1112 708 princeps
1128 624 1190 688 ille

176 712 403 798 philosophiae
421 713 613 778 disserebat:
632 713 736 797 qualis
756 713 909 796 cuiusque
924 713 1024 776 animi
1038 712 1188 778 adfectus
1201 739 1212 778 ⁵

178 807 275 883 esset,
302 802 401 866 talem
428 823 498 865 esse
525 801 702 882 hominem;
730 800 834 885 qualis
857 804 964 865 autem
990 800 1089 866 homo
1116 801 1188 885 ipse

178 895 275 972 esset,
297 889 396 954 talem
416 890 484 954 eius
503 911 573 954 esse
592 889 784 972 orationem3
808 889 946 953 orationi
965 893 1075 953 autem
1096 889 1188 954 facta

178 979 311 1062 similia,
333 978 429 1042 factis
452 978 563 1043 vitam.
608 977 763 1042 Adfectus
786 980 895 1041 autem
918 978 1018 1040 animi
1040 977 1075 1040 in
1099 979 1187 1042 bono

176 1067 246 1131 viro
269 1065 455 1150 laudabilis,
485 1068 518 1128 et
539 1066 607 1130 vita
629 1065 731 1149 igitur
753 1064 925 1129 laudabilis
948 1065 1025 1129 boni
1047 1066 1125 1149 viri,
1154 1069 1189 1130 et

176 1154 315 1220 honesta
331 1175 418 1239 ergo,
435 1154 588 1239 quoniam
607 1153 788 1218 laudabilis.
819 1153 869 1217 Ex
888 1152 1004 1238 quibus
1022 1153 1187 1218 bonorum
1201 1181 1224 1219 ιο

125 1265 158 1314 48
176 1242 306 1306 beatam
330 1243 432 1306 vitam
455 1263 525 1305 esse
548 1241 756 1307 concluditur.
800 1241 944 1325 Etenim,
965 1263 1025 1325 pro
1050 1241 1187 1306 deorum
1251 1323 1253 1332 Ι

177 1334 272 1414 atque
295 1329 462 1394 hominum
485 1329 595 1394 fidem!
620 1352 775 1414 parumne
799 1329 966 1413 cognitum
989 1333 1040 1393 est
1062 1331 1186 1414 superi-

177 1419 287 1484 oribus
309 1419 430 1482 nostris
454 1417 740 1502 disputationibus,
763 1439 804 1482 an
826 1418 1049 1482 delectationis
1070 1422 1104 1482 et
1128 1418 1187 1483 otii

176 1507 386 1572 consumendi
417 1528 514 1571 causa
544 1506 644 1571 locuti
672 1528 782 1570 sumus
814 1506 992 1589 sapientem
1022 1507 1064 1570 ab
1095 1507 1187 1571 omni

177 1595 391 1660 concitatione
410 1595 520 1676 animi,
538 1616 632 1678 quam
651 1594 928 1678 perturbationem
945 1616 1036 1676 voco,
1059 1616 1188 1679 semper
1200 1621 1223 1661 15

177 1705 305 1762 vacare,
342 1705 469 1766 semper
504 1683 540 1746 in
575 1683 683 1747 animo
721 1682 788 1746 eius
826 1704 896 1748 esse
931 1682 1186 1766 placidissimam
1249 1730 1253 1744 .

176 1771 311 1856 pacem?
355 1771 416 1840 ,Vir
442 1771 544 1855 igitur
559 1773 777 1854 temperatus,
804 1774 968 1854 constans,
995 1771 1064 1835 sine
1087 1776 1185 1850 metu,

177 1861 245 1925 sine
279 1858 492 1944 aegritudine,
529 1859 598 1923 sine
630 1859 796 1923 alacritate
827 1859 907 1943 ulla,
944 1859 1012 1923 sinc
1047 1858 1185 1924 libidine
1252 1907 1253 1950 ;

176 1969 283 2013 nonne
306 1947 442 2012 beatus?
466 1950 501 2011 at
523 1968 650 2030 semper
672 1948 800 2030 sapiens
823 1948 911 2030 talis3
936 1969 1062 2031 semper
1083 1949 1186 2032 igitur

177 2036 300 2101 beatus.
349 2035 420 2100 Iam
447 2056 523 2099 vero
552 2036 607 2120 qui
634 2039 743 2119 potest
768 2035 818 2100 vir
844 2035 949 2100 bonus
975 2057 1042 2100 non
1069 2035 1111 2100 ad
1142 2036 1184 2120 id,
1197 2065 1219 2103 so

176 2125 261 2208 quod
283 2123 446 2188 laudabile
470 2123 524 2206 sit,
548 2124 657 2188 omnia
679 2123 815 2206 referre,
842 2145 924 2208 quae
948 2125 1018 2210 agit
1040 2145 1183 2210 quaeque

177 2211 298 2276 sentit?
321 2210 421 2275 refert
444 2215 551 2274 autem
571 2212 679 2276 omnia
699 2212 740 2276 ad
762 2212 856 2276 beate
878 2213 1063 2296 vivendum3
1088 2213 1183 2278 beata
1248 2212 1252 2224 ⁴

176 2300 277 2384 igitur
298 2299 368 2364 vita
389 2298 576 2385 laudabins3
606 2321 665 2365 nec
688 2301 857 2385 quicquam
880 2301 949 2365 sine
972 2301 1093 2366 virtute
1116 2303 1183 2367 lau-

177 2389 298 2471 dabile:
320 2388 417 2453 beata
440 2387 541 2472 igitur
562 2388 631 2452 vita
652 2388 772 2452 virtute
795 2389 971 2454 conficitur.

123 2441 165 2567 ἐξ
244 2477 350 2562 Atque
377 2474 440 2540 hoc
467 2476 514 2540 sio
542 2477 640 2540 etiam
669 2475 880 2542 concluditur:
911 2475 980 2542 Nec
1002 2477 1037 2542 in
1063 2478 1183 2544 misera
1196 2505 1218 2546 25

177 2565 246 2630 vita
269 2565 439 2650 quicquam
458 2567 507 2628 est
528 2564 743 2648 praedicabile
767 2569 823 2629 aut
845 2565 1047 2651 gloriandum
1069 2588 1129 2632 nec
1151 2568 1182 2632 in

177 2675 228 2736 oa,
252 2675 334 2737 quae
356 2674 415 2716 nec
438 2652 556 2717 misera
579 2653 622 2717 sit
644 2674 702 2718 nec
725 2652 829 2718 beata
879 2652 924 2717 Et
946 2657 996 2717 est
1018 2654 1053 2717 in
1076 2654 1182 2739 aliqua

176 2741 245 2804 vita
274 2740 492 2824 praedicabile
522 2740 644 2825 aliquid
674 2744 706 2805 et
735 2740 941 2826 gloriandum
971 2763 1008 2807 ac
1041 2762 1119 2825 prae
1149 2765 1182 2808 se

176 2828 354 2913 ferendum,
377 2832 414 2893 ut
435 2827 691 2912 Epaminondas:
1118 2861 1122 2868 v

222 2949 407 3017 Consiliis
430 2952 579 3019 nostris
606 2953 691 3016 laus
715 2956 773 3017 est
801 2957 955 3018 attonsa
977 2943 1218 3039 Laconum,co
1248 2947 1249 2998 ἕ

177 3095 214 3156 ut
233 3091 423 3158 Africanus:

220 3215 252 3280 A
275 3217 355 3281 sole
378 3215 579 3280 exoriente
603 3237 719 3299 supra
741 3214 906 3282 Maeotis
930 3217 1086 3301 paludes

264 3303 388 3386 Nemo
412 3307 484 3386 est,
507 3304 572 3388 qui
594 3304 712 3368 factis
735 3306 986 3389 aequiperare
1010 3309 1133 3404 queat.

125 3465 158 3514 50
177 3440 269 3518 Quod
300 3441 329 3514 si
358 3447 413 3524 cst,
442 3443 540 3507 beata
562 3443 629 3507 vita
657 3444 827 3528 glorianda
855 3448 887 3508 et
913 3445 1126 3528 praedicanda
1150 3450 1181 3511 et
1246 3447 1247 3526 t

176 3551 254 3610 prae
277 3550 311 3593 se
334 3529 464 3594 ferenda
487 3534 550 3615 est3
574 3530 656 3594 nihil
680 3535 730 3595 est
753 3532 839 3596 enim
862 3530 963 3615 aliud,
987 3533 1071 3617 quod
1093 3555 1179 3617 prae·
1193 3559 1216 3600 as
