2438 3966
336 159 805 232 fflnfflamau
1038 166 1082 232 23

64 329 131 389 tum
164 326 203 390 in
234 325 386 390 maximis
419 325 515 390 rebus
547 323 736 409 profuisset,
764 324 916 412 dicerem,
949 327 1014 394 nisi
1042 327 1081 394 de

64 435 113 477 me
140 413 218 497 ipso
249 412 421 478 dicendum
448 416 545 497 esset,
568 412 652 497 quod
679 411 741 478 hoc
767 417 914 498 tempore
940 437 1006 482 non
1032 419 1082 482 est

65 521 206 566 necesse.
261 499 377 585 Itaque
409 501 545 584 privabo
581 501 691 584 potius
723 500 815 566 illurn
849 502 958 570 debito
989 503 1080 570 testi-

4 605 6 610 ·
66 589 177 654 monio
202 610 303 674 quam
325 588 358 652 id
381 610 454 654 cum
476 609 548 654 mea
570 588 665 654 laude
688 590 929 656 communicem.

43 705 54 744 a
131 675 197 742 Sed
221 699 306 762 quae
327 676 478 760 populari
507 676 611 760 gloria
638 675 783 744 decorari
810 678 844 742 in
869 677 1004 747 Lucullo
1028 679 1115 762 εἷο-4

66 767 237 849 buerunt,
253 787 292 830 ea
317 763 385 830 fere
409 767 539 830 suntet
561 761 692 830 Graecis
720 765 839 832 litteris
863 766 1026 832 celebrata
1048 771 1082 833 et

67 853 204 918 Latinis.
255 852 326 919 Nos
355 856 463 918 autem
491 852 550 918 illa
576 856 710 918 externa
741 874 814 918 cum
844 854 970 938 multis,
1001 855 1081 920 haec

68 941 225 1006 interiora
240 962 313 1006 oum
330 941 444 1025 paucis
462 962 501 1006 ex
518 941 591 1026 ipso
606 962 702 1025 saepe
716 941 939 1027 cognovimus3
957 942 1079 1008 maiore

69 1031 152 1094 enim
187 1029 295 1096 studio
327 1028 481 1094 Lucullus
520 1051 593 1094 cum
625 1028 714 1094 omni
749 1029 929 1096 litterarum
961 1031 1081 1116 generi,

36 1123 137 1182 rutum
160 1116 392 1201 philosophiae
411 1117 538 1183 deditus
562 1117 638 1202 fuit,
661 1139 771 1202 quam,
795 1119 851 1202 qui
872 1118 965 1184 illum
988 1118 1080 1204 igno·

69 1207 200 1290 rabant,
224 1204 482 1290 arbitrabantur,
504 1226 564 1271 nee
586 1226 661 1272 vero
684 1205 814 1272 ineunte
837 1210 943 1272 aetate
966 1208 1080 1292 solum,

71 1294 124 1359 sed
142 1296 178 1358 et
193 1315 256 1378 pro
275 1298 447 1378 quaestore
465 1293 589 1377 aliquot
607 1314 709 1360 annos
732 1296 766 1358 et
786 1294 910 1381 inipso
928 1296 1028 1381 bello,
1046 1297 1081 1362 in

71 1404 131 1467 qno
159 1383 208 1446 ita
231 1401 352 1466 magna
380 1381 428 1447 rei
451 1381 603 1448 militaris
626 1403 696 1447 esse
719 1383 889 1465 occupatio
916 1385 1013 1468 solet,
1044 1388 1082 1450 ut

72 1491 133 1536 non
160 1470 302 1533 multum
325 1469 514 1554 imperatori
541 1471 601 1534 sub
628 1468 708 1554 ipsis
738 1470 879 1555 pellibus
902 1471 962 1536 otii
984 1472 1080 1538 relin-

40 1585 63 1623 rs
75 1561 197 1641 quatur.
235 1555 318 1622 Cum
342 1561 450 1622 autem
470 1579 487 1622 e
504 1557 707 1642 philosophis
730 1559 860 1642 ingenio
884 1560 1080 1645 scientiaque

73 1649 241 1728 putaretur
263 1644 454 1729 Antiochus,
476 1645 624 1711 Philonis
648 1646 791 1725 auditor,
814 1647 983 1730 excellere,
1006 1670 1080 1714 eum

74 1756 178 1800 secum
202 1736 237 1798 et
254 1737 409 1818 quaestor
430 1733 546 1800 habuit
565 1737 598 1798 et
618 1737 694 1816 post
713 1733 838 1818 aliquot
856 1756 957 1800 annos
980 1737 1080 1820 impe·

73 1825 171 1901 rator,
201 1822 320 1907 quique
353 1826 439 1887 esset
470 1844 508 1887 ea
540 1822 709 1907 memorie,
736 1844 800 1906 qua
833 1825 908 1888 ante
935 1823 1015 1907 dixi,
1043 1847 1081 1890 ea

72 1931 164 1994 saepe
184 1909 344 1976 audiendo
367 1911 462 1975 facile
480 1910 646 1996 cognovit,
670 1932 752 1995 quae
775 1911 826 1975 vel
849 1911 948 1976 semel
971 1912 1081 1978 audita

5 2041 6 2046 κ
42 1998 257 2064 ameminisse
298 1999 467 2082 potuisset.
528 1997 760 2064 Delectabatur
800 2001 907 2064 autem
948 2000 1081 2066 mirifice

75 2087 208 2152 lectione
231 2085 400 2170 librorum,
423 2087 461 2151 de
484 2087 600 2172 quibus
624 2084 784 2152 audiebat.

135 2174 182 2239 At
209 2195 323 2240 vereor
352 2175 527 2258 interdum,
553 2196 594 2239 nc
628 2174 744 2240 talium
770 2196 981 2257 personarum
1008 2191 1115 2242 cumo

76 2262 413 2436 lllllltlllh
428 2283 572 2416 ullu
589 2261 1081 2435 {multitudiue

45 2439 127 2522 aqui
153 2438 409 2522 philosophiam,
431 2439 561 2523 reliqui,
589 2439 644 2522 qui
671 2438 800 2504 etiarnsi
827 2438 908 2504 haee
933 2460 998 2504 non
1020 2441 1081 2505 im-

77 2525 219 2612 probent,
237 2531 348 2593 tamen
362 2548 472 2591 aarum
484 2547 592 2591 rerum
611 2526 862 2611 disputationem
880 2525 1080 2612 principibus

78 2613 213 2678 civitatis
241 2635 309 2679 non
335 2615 384 2678 ita
411 2615 560 2680 decoram
590 2617 713 2699 putent.
762 2614 835 2700 Ego
868 2618 975 2680 autern
1008 2638 1081 2682 cum

79 2699 212 2767 Graecas
230 2703 358 2769 litteras
376 2701 419 2766 Μ.
438 2701 595 2768 Catonern
617 2703 651 2767 in
672 2706 835 2768 senectute
858 2702 1007 2770 didicisse
1031 2725 1081 2770 ac·
1157 2739 1162 2763 a

79 2791 224 2875 ceperim,
259 2789 294 2854 P.
327 2794 434 2856 autem
468 2789 613 2856 Africani
649 2789 805 2856 historiae
841 2792 1016 2876 loquantur
1046 2792 1081 2858 in
1157 2833 1160 2850 ι

46 2877 235 2962 relegatione
273 2878 334 2943 illa
367 2878 484 2960 nobili,
525 2900 622 2963 quam
664 2884 739 2943 ante
779 2901 948 2945 censuram
991 2880 1081 2964 obiit,

79 2964 265 3030 Panaetium
288 2987 388 3032 unum
411 2967 542 3032 omnino
570 2967 721 3032 comitem
743 2965 853 3051 fuisse,
875 2989 935 3033 nec
958 2969 1081 3032 littera·

77 3075 143 3118 rum
162 3051 359 3120 Graecarum
377 3076 437 3120 nec
458 3054 685 3139 philosophiae
706 3054 772 3120 iarn
794 3055 895 3120 ullum
917 3059 1081 3120 auctorem

78 3143 209 3226 requiro.
253 3141 386 3227 Restat,
412 3146 449 3207 ut
476 3143 517 3208 iis
545 3143 770 3226 respondeam,
798 3143 851 3227 qui
878 3142 1116 3208 sermonibuse

79 3229 142 3295 cius
165 3230 253 3295 modi
275 3230 381 3296 nolint
398 3253 555 3314 personas
576 3235 644 3295 tam
667 3251 783 3315 graves
802 3230 944 3314 inligari.
981 3228 1082 3306 Quasi

49 3338 149 3384 severo
180 3318 341 3384 clarorum
374 3319 517 3384 virorum
552 3322 609 3383 aut
641 3319 758 3384 tacitos
790 3335 978 3401 congressus
1011 3340 1081 3384 esse

78 3407 666 3581 ltltltlcllfftqttlt
683 3406 1082 3561 1ld0tthl⁰3¹hlt
