2574 3956
334 201 401 255 ms.
421 201 454 255 n.
483 201 559 255 cnr.
581 207 687 270 14,15.
717 209 875 286 §rr-49:
1043 203 1104 267 141
1157 213 1159 228 ¹

103 367 194 447 alque
226 363 449 449 magnificum,
482 364 521 428 ad
553 364 775 447 imperandum
806 365 911 449 magis
941 387 1038 449 quam
1065 366 1106 430 ad

100 451 276 535 parendum
298 450 590 534 accommodatum,
614 453 722 516 omnia
739 451 881 517 humana
901 473 967 518 non
989 453 1105 517 tolera-

102 539 177 603 bilia
207 540 326 620 solum,
354 539 409 603 sed
436 539 534 603 etiam
561 539 647 604 levia
669 539 799 622 ducens,
827 540 930 604 altum
954 540 1106 623 quiddam

101 630 132 690 ct
152 628 327 709 excelsum,
353 626 435 691 nihil
458 626 590 711 timens,
613 627 735 691 nemini
758 628 887 712 cedens,
910 649 1035 710 semper
1057 629 1106 692 in·

76 715 229 779 evictum.
297 713 402 799 Atque
429 715 499 778 „his
540 715 645 779 tribus
686 714 856 800 generibus
896 714 1105 780 honestomm
1124 729 1157 776 47

100 803 218 873 notatis
246 807 398 886 quartum
427 803 570 886 sequitur
598 807 630 866 et
661 802 696 866 in
725 803 836 868 eadem
867 802 1106 886 pulchritudine

100 894 132 954 et
157 894 269 975 aptum
299 912 336 954 ex
360 891 425 955 illis
452 891 571 968 tribus,
604 891 640 954 in
667 913 730 974 quo
758 891 842 954 inest
874 890 951 955 crdo
979 894 1012 954 et
1038 911 1106 955 mo·

99 979 228 1043 doratio.
284 976 381 1043 Cuius
418 978 628 1042 similitudine
659 983 829 1062 perspecta
859 979 894 1042 in
929 979 1106 1043 formarum

100 1067 205 1150 specie
224 1087 261 1131 ac
280 1065 437 1150 dignitate
460 1066 633 1130 transitum
652 1069 702 1130 est
721 1066 760 1129 ad
778 1066 982 1131 honestatem
1006 1066 1105 1132 dioto-

62 1177 169 1220 mrum
201 1159 298 1239 atque
328 1153 498 1218 factorum.
550 1154 635 1217 Nam
662 1175 701 1217 ex
732 1153 783 1218 his
815 1154 919 1218 tribus
948 1153 1106 1237 laudibus,

99 1265 177 1326 quas
210 1247 285 1307 ante
318 1241 398 1325 dixi,
430 1245 462 1305 et
497 1243 712 1305 temeritatem
748 1241 937 1306 reformidat
972 1246 1006 1305 et
1040 1263 1106 1307 non

99 1330 195 1395 audet
223 1330 371 1414 cuiquam
403 1333 460 1393 aut
492 1329 577 1393 dicto
604 1332 755 1412 protervo
784 1334 840 1393 aut
871 1330 958 1394 facto
990 1350 1105 1394 nocere

87 1421 286 1502 vereturque
322 1418 493 1501 quicquam
530 1420 592 1480 aut·
624 1416 731 1481 facere
767 1421 822 1481 aut
858 1417 983 1501 eloqui,
1021 1418 1106 1501 quod

99 1527 213 1588 parum
236 1504 329 1570 virile
352 1506 507 1568 videatur.

59 1623 85 1661 ιι
164 1592 274 1658 Habes
300 1593 442 1676 undique
469 1593 629 1676 expletam
657 1596 690 1656 et
716 1591 906 1675 perfectam,
936 1591 1159 1681 Torquatehqg

99 1682 237 1746 formam
259 1680 453 1763 honestatis,
476 1702 556 1765 quae
579 1682 651 1744 tota
673 1682 826 1763 quattuor
848 1679 900 1743 his
922 1679 1107 1762 virtutibus,

98 1792 181 1854 quae
214 1791 233 1832 a
263 1772 296 1833 te
335 1789 459 1853 quoque
491 1771 760 1832 commemoratae
793 1771 880 1850 suut,
916 1768 1107 1832 continetur.

99 1858 192 1922 Hanc
219 1878 254 1920 se
279 1861 355 1920 tuus
382 1855 540 1940 Epicurus
568 1856 698 1921 omnino
726 1856 874 1940 ignorare
903 1854 981 1918 dicit
967 1859 1106 1939 qtuam

99 1947 156 2009 aut
174 1945 302 2030 qualem
321 1966 389 2008 esse
406 1945 508 2008 velint
493 1943 597 2027 t,qui
616 1943 768 2008 honestat
754 1948 786 2007 te
806 1963 967 2007 summum
985 1944 1106 2007 bonum

57 2061 84 2099 so
100 2035 285 2099 metiantur.
330 2031 365 2097 Si
388 2031 428 2096 ad
450 2030 602 2097 honestat
553 2035 654 2095 tatem
677 2032 762 2096 enim
789 2031 898 2095 omnia
920 2031 1107 2108 referantur,

98 2143 203 2222 neque
229 2121 264 2185 in
291 2140 329 2184 ea
355 2120 557 2203 voluptatem
585 2118 730 2184 dicant
720 2141 838 2202 messe,
871 2119 918 2183 ait
946 2141 1000 2184 eos
1029 2141 1106 2183 voce

98 2210 188 2274 inani
216 2229 332 2272 sonare
359 2205 425 2293 (his
453 2208 539 2271 enim
561 2207 642 2290 ipsis
665 2208 771 2271 verbis
793 2170 910 2292 utitur)
932 2229 1035 2291 neque
1058 2207 1107 2270 in·

96 2297 252 2398 tellegere
270 2317 330 2360 nec
352 2295 471 2378 videre,
500 2295 560 2359 sub
583 2295 666 2359 hanc
687 2316 800 2360 rocem
822 2295 1003 2360 honestatis
1026 2317 1107 2378 quae

98 2385 144 2450 sit
163 2383 351 2449 subicienda
369 2383 537 2447 sententia.
572 2381 620 2447 Ut
638 2382 723 2446 enim
741 2381 937 2448 consuetudo
956 2382 1108 2465 loquitur,

56 2498 83 2538 es
98 2474 131 2537 id
160 2473 264 2537 solum
292 2471 409 2535 dicitur
435 2471 622 2553 honestum,
652 2470 738 2553 quod
765 2474 815 2534 cst
841 2469 991 2553 populari
1020 2469 1108 2534 fama

98 2561 285 2646 gloriosum.
339 2553 472 2634 ‘7Quod'
500 2557 617 2641 inquit,
652 2556 859 2641 quamquam
885 2557 1106 2640 voluptatibus

98 2647 293 2734 quibusdam
336 2650 386 2710 est
431 2667 525 2730 saepe
566 2645 749 2728 iucundius,
796 2648 906 2709 tamen
947 2645 1108 2727 expetitur

96 2739 234 2821 propter
259 2736 408 2818 voluptat
410 2733 480 2798 em’
524 2732 678 2816 Videsne,
701 2755 797 2817 quam
825 2733 869 2796 sit
895 2751 1015 2816 magna
1046 2733 1108 2797 dis·
1126 2747 1160 2794 49

98 2822 231 2890 sensio?
262 2821 480 2906 Philosophus
499 2821 669 2903 nobilis,a
649 2842 749 2904 aquo
768 2842 834 2885 non
852 2820 957 2885 solum
974 2819 1109 2886 Graecia
1200 2847 1202 2850 ·

55 2939 83 2978 so
98 2916 133 2976 et
165 2911 276 2992 Italia,
312 2909 432 2974 sedt
400 2909 497 2974 etism
531 2909 635 2974 omnis
667 2908 818 2974 barbaria
853 2912 1014 2973 commota
1050 2914 1108 2990 est,

96 3001 273 3064 honestum
295 2997 372 3082 quid
395 2998 452 3082 sit,
480 2996 506 3061 si
536 2996 568 3060 id
591 3017 657 3060 non
680 2997 724 3060 sit
745 2997 779 3060 in
802 2996 982 3080 voluptate,
1010 3001 1109 3080 negat

175 3087 182 3101 ⁰
172 3085 371 3170 mt,ellcgere
410 3085 473 3150 nisi
513 3084 597 3149 forte
633 3083 727 3167 illud,
766 3083 851 3168 quod
892 3085 986 3148 multr
978 3085 984 3098 '
960 3084 1107 3148 tutdinis

98 3196 229 3270 rumore
257 3173 413 3238 laudetur.
461 3171 533 3257 Ego
564 3175 671 3235 autem
697 3171 759 3236 hoc
786 3172 884 3236 etiam
911 3175 1006 3254 turpe
1038 3193 1108 3236 esse

99 3259 199 3347 saepe
225 3261 331 3327 iudico
359 3265 402 3344 et,
431 3260 458 3325 si
485 3259 614 3345 quando
641 3263 735 3342 turpe
762 3281 829 3324 non
857 3260 912 3342 sit,
941 3263 1011 3322 tum
1039 3255 1126 3323 esse*

54 3376 83 3416 ιι
97 3373 167 3416 non
194 3355 303 3433 turpe,
330 3371 403 3414 cum
429 3348 463 3412 id
491 3371 510 3413 c
537 3347 741 3412 multitudine
767 3347 877 3411 laudet
863 3349 928 3429 tur,
953 3346 1038 3431 quod
1066 3347 1109 3411 sit

96 3461 232 3592 ι
240 3458 365 3589 ιιι
386 3437 640 3588 lttltdttt
658 3433 846 3605 lttttlt,
867 3455 943 3604 tlt
960 3433 1108 3588 thet

1118 1556 1160 1619 15
