2552 3966
155 212 198 277 34
333 219 335 226 '
424 211 716 268 AOADEMICORUM
734 210 902 267 PRIORUM

101 457 103 460 Ι
153 375 210 440 isti
243 375 367 460 dicunt,
398 381 435 440 ut
468 396 505 439 ea
532 376 584 440 vel
611 375 695 440 falsa
723 396 792 440 esse
819 377 965 459 possent,
997 395 1103 460 neque
1131 365 1169 439 ea

154 467 266 547 posset
297 464 365 529 ulla
396 463 487 529 notio
519 464 715 545 discernere,
748 485 812 548 quo
845 464 940 528 modo
972 485 1188 548 quemquam-

155 556 212 618 aut
239 552 435 618 conclusisse
463 551 584 636 aliquid
611 555 669 618 eut
694 552 856 617 invenisse
879 551 1081 616 diceremus?
1113 556 1170 616 ant

154 662 235 724 quae
259 645 344 706 esset
366 641 510 706 conclusi
533 641 716 726 argumenti
737 639 839 705 fides?
867 640 939 723 ipsa
962 643 1072 704 autem
1095 640 1169 724 phi·
1263 685 1264 696 ,

154 729 315 812 losephia,
333 751 415 814 quae
434 729 615 794 rationibus
628 728 779 813 progredi
798 729 901 813 debet,
920 749 1016 813 quem
1030 728 1201 795 habebits

156 817 298 883 exitum?
322 817 500 901 sapientiae
518 839 595 883 vero
614 817 690 902 quid
708 816 852 882 futurum
872 817 944 882 est?
963 839 1044 902 quae
1063 839 1169 902 neque

155 906 194 971 de
213 928 247 970 se
265 906 338 989 ipsa
356 905 506 971 dubitare
524 906 621 971 debet
642 927 744 990 neque
766 905 806 971 de
825 906 892 970 suis
911 905 1063 987 decretis,
1086 927 1169 990 quae
1264 930 1265 986 l

154 994 342 1079 philosophi
356 997 474 1059 vocant
488 990 645 1078 δόγματα,
664 1015 800 1078 qnorum
818 995 945 1058 nullum
963 994 1033 1058 sine
1048 995 1170 1060 scelere
1264 1015 1265 1040 ³

153 1083 247 1167 prodi
264 1083 394 1167 poterit.
437 1080 520 1148 Cum
543 1083 629 1147 enim
652 1082 816 1148 decretum
838 1082 998 1166 proditur,
1021 1083 1075 1147 lex
1099 1082 1170 1147 veri
1264 1141 1265 1158 ξ

153 1172 296 1256 rectique
328 1171 488 1254 proditur,
520 1193 583 1255 qno
616 1193 633 1234 e
666 1170 746 1237 vitio
778 1174 812 1235 et
844 1171 1060 1236 amicitiarum
1092 1193 1168 1255 pro·
1184 1199 1214 1237 ro

154 1259 292 1324 ditiones
312 1262 345 1324 et
361 1281 469 1324 rernm
486 1259 691 1343 publicarum
708 1260 798 1324 nasci
817 1260 932 1325 solent.
963 1259 1040 1325 Non
1057 1263 1171 1343 potest

153 1348 255 1433 igitur
283 1346 437 1433 dubitari,
463 1347 541 1432 quin
568 1347 733 1412 decretum
759 1348 887 1413 nullum
913 1347 1033 1412 falsum
1061 1347 1171 1430 possit

154 1457 225 1500 esse
252 1436 407 1520 sapientis
434 1457 537 1521 neque
565 1435 645 1500 satis
678 1437 721 1501 sit
748 1458 815 1502 non
844 1457 913 1502 esse
945 1435 1080 1518 falsum,
1113 1436 1171 1501 sed

154 1524 252 1589 etiam
272 1524 402 1606 stabile,
424 1525 538 1607 fixum,
562 1527 670 1590 ratum
690 1546 760 1589 esse
779 1525 907 1609 debeat,
931 1523 1016 1608 quod
1037 1545 1170 1589 movere

152 1612 245 1678 nulla
280 1613 365 1678 ratio
398 1617 504 1698 queat.
558 1613 654 1678 Talia
685 1617 794 1678 autem
825 1634 929 1698 neque
961 1634 1031 1677 esse
1061 1633 1169 1697 neque
1185 1639 1213 1679 15

154 1701 256 1766 rideri
277 1705 416 1785 possunt
437 1725 550 1769 eornm
572 1703 710 1786 ratione,
741 1701 795 1786 qui
818 1702 878 1766 illa
900 1701 985 1785 risa,
1008 1723 1025 1765 e
1049 1702 1169 1785 quibus

155 1790 263 1856 omnia
290 1791 418 1856 decreta
445 1796 522 1856 sunt
547 1795 638 1872 nata,
669 1793 791 1875 negant
823 1790 995 1875 quicquam
1022 1812 1042 1853 a
1074 1789 1170 1854 falsis

100 1900 135 1950 ne
153 1879 318 1944 interesse.
376 1879 426 1944 Ex
458 1880 519 1945 hoe
550 1879 630 1943 illud
662 1882 713 1943 est
745 1881 873 1963 natum,
905 1877 991 1962 quod
1021 1878 1170 1961 postula-

153 1968 211 2032 bat
246 1966 454 2050 Hortensius,
491 1970 527 2030 nt
563 1967 597 2031 id
632 1967 741 2051 ipsum
777 1966 894 2032 saltem
926 1969 1116 2050 perceptum
1149 1989 1169 2032 a

154 2055 300 2139 sapiente
323 2055 486 2139 diceretis,
508 2054 591 2120 nihil
613 2077 709 2138 posse
732 2055 864 2139 percipi.
904 2052 968 2120 Sed
991 2052 1167 2138 Antipatro
1183 2080 1212 2120 ao

153 2143 216 2208 hoc
242 2143 327 2207 idem
354 2143 548 2227 postulanti,
574 2165 647 2208 cum
675 2143 796 2209 diceret
823 2142 866 2228 ci,
894 2144 949 2228 qui
981 2142 1168 2208 adfirmaret

153 2231 236 2296 nihil
258 2251 355 2315 posse
378 2231 518 2316 percipi,
540 2253 639 2296 unum
661 2236 773 2296 tamen
794 2231 876 2296 illud
899 2232 1018 2316 dicere,
1041 2232 1167 2316 percipi

154 2341 262 2405 posse,
291 2322 543 2385 consentancum
566 2342 650 2403 esse,
677 2324 714 2385 ut
737 2320 890 2385 alienon
912 2323 1060 2404 possent,
1089 2317 1167 2384 Oar-

153 2408 272 2474 neades
292 2408 416 2474 acutius
436 2408 621 2474 resistebat.
645 2405 730 2474 Nam
748 2411 876 2473 tantum
896 2411 1008 2473 abesse
1027 2407 1167 2491 dicebat,

154 2500 191 2561 ut
222 2497 256 2561 id
289 2500 539 2572 consentaneum
571 2502 671 2581 esset,
702 2500 739 2564 ut
770 2496 910 2562 maxime
942 2497 1040 2561 etiam
1072 2518 1167 2581 repu·
1181 2521 1211 2563 aa

154 2589 279 2670 gnaret.
316 2585 378 2661 Qui
402 2587 488 2651 enim
506 2589 642 2672 negaret
663 2585 836 2671 quiequam
854 2606 937 2668 esse,
960 2584 1047 2669 quod
1066 2586 1168 2669 perei-

154 2677 298 2757 peretur,
326 2695 399 2739 eum
425 2675 509 2739 nihil
541 2675 700 2758 excipere3
732 2673 779 2738 ita
805 2695 936 2738 necesse
963 2694 1034 2738 esse
1061 2694 1102 2738 ne
1132 2674 1167 2738 id

155 2763 261 2845 ipsum
285 2761 427 2845 quidem,
455 2761 541 2846 quod
569 2764 737 2844 exceptum
764 2783 830 2826 non
854 2765 953 2846 esset,
980 2761 1168 2846 comprendi

100 2870 135 2919 as
155 2853 188 2914 et
218 2849 341 2933 percipi
376 2850 444 2915 ullo
482 2849 576 2915 modo
612 2871 717 2933 posse.
775 2849 957 2915 Antiochus
990 2850 1030 2914 ad
1065 2850 1167 2914 istum

154 2937 263 3003 locum
285 2939 426 3021 pressius
449 2937 618 3004 videbatur
640 2937 799 3004 accedere.
841 2937 1000 3014 Quoniam
1024 2939 1110 3003 enim
1133 2938 1166 3002 id
1180 2965 1208 3004 ao

153 3027 311 3092 haberent
333 3024 517 3090 Academici
545 3027 709 3091 decretum
732 3023 874 3110 (sentitis
899 3027 983 3091 enirn
1013 3026 1080 3091 iam
1103 3026 1166 3092 hoc

154 3136 206 3180 me
224 3110 333 3198 δόγμα
352 3111 485 3201 dicere),
506 3115 589 3179 nihil
612 3136 708 3198 posse
731 3115 863 3199 percipi,
887 3136 953 3180 nou
971 3115 1087 3179 debere
1110 3135 1166 3180 eos

154 3205 189 3267 in
210 3223 267 3268 suo
292 3202 432 3286 decreto,
456 3203 541 3268 sieut
562 3202 597 3268 in
619 3203 735 3268 ceteris
758 3203 868 3286 rebus,
890 3203 1054 3284 fluctuari,
1077 3225 1166 3288 prae-

155 3291 266 3355 sertim
289 3312 362 3355 cum
384 3291 420 3354 in
443 3313 481 3356 eo
505 3313 631 3356 summe
652 3291 855 3373 consisteret3
879 3289 963 3356 hanc
985 3291 1072 3356 enim
1095 3313 1166 3356 esse

155 3379 301 3463 regulam
320 3379 421 3444 totius
444 3378 681 3464 philosophiae,
705 3379 967 3444 constitutionem
990 3379 1059 3444 veri
1080 3379 1166 3459 falsi,
1180 3405 1208 3445 es

155 3467 277 3550 cogniti
296 3467 464 3552 incogniti3
489 3489 586 3552 quam
609 3467 768 3532 rationem
791 3467 945 3550 quoniam
967 3467 1168 3552 susciperent

155 3553 332 3639 docereque
364 3556 498 3640 vellent,
530 3577 611 3640 quae
644 3555 714 3619 visa
745 3555 847 3637 accipi
876 3557 1053 3640 oporteret,
1084 3578 1166 3640 quae
