2502 3960
167 203 214 266 44
437 201 730 258 ACADEMIOORUM
748 200 916 256 PRIORUM

169 363 339 431 insaniam
383 363 470 429 Nam
494 365 535 429 ab
559 365 709 429 omnibus
733 363 876 428 eiusdem
899 364 987 428 modi
1010 363 1089 428 visis
1113 387 1193 448 per·
1240 381 1241 444 j

172 454 325 537 spicuitat
327 475 376 518 em
383 505 392 537 ,
419 475 515 538 quam
542 453 703 518 mordicus
731 456 841 516 tenere
873 442 1039 536 debemus„
1069 453 1192 518 abesse
1240 469 1241 488 ³

171 541 323 607 dicemus
371 541 449 618 Quis
474 541 573 625 enim,
597 563 668 606 cum
691 540 755 606 sibi
777 540 872 625 fingit
895 540 1073 626 aliquidet
1098 543 1193 627 cogi-
1240 583 1241 622 3

170 629 294 696 tteione
327 630 488 715 depingit,
526 652 605 714 non,
637 630 734 694 simul
767 651 804 694 ae
837 651 870 694 ce
903 630 974 712 ipse
1006 632 1193 695 commovit
1240 629 1241 632 ’

171 723 268 802 atque
292 719 333 783 ad
356 741 390 784 se
413 719 588 802 revocavit,
612 719 723 801 sentit,
752 717 829 801 quid
851 718 981 782 intersit
1002 718 1087 782 inter
1111 740 1189 800 per·
1206 733 1241 790 5}

172 809 282 891 spicue
305 810 337 872 et
359 807 491 872 inania?
527 807 651 872 Eadem
670 807 754 871 ratio
774 809 825 870 est
847 806 1053 871 somniorum.
1094 805 1191 872 Num
1240 817 1241 880 ξ

171 917 282 961 censes
313 895 470 980 Ennium,
502 917 574 961 cum
611 896 646 959 in
682 895 787 959 hortis
820 917 892 960 cum
925 893 1034 960 Servio
1067 893 1192 980 Galba,

169 984 277 1050 vicino
310 1007 381 1068 suo,
415 985 661 1066 ambulavisset,
688 983 821 1048 dixisse:
863 982 974 1048 ‘Visus
1005 1005 1077 1047 sum
1101 985 1191 1048 mihi

170 1093 243 1138 cum
257 1070 364 1138 Galba
378 1071 580 1138 ambulare'?
616 1071 663 1136 At
677 1093 750 1137 cum
765 1071 1190 1157 somniavititanarravit:
1240 1093 1241 1096 ’

281 1255 442 1270 ........
456 1193 562 1270 visus
585 1204 775 1270 Homerus
801 1205 934 1270 adesse
956 1209 1079 1288 po'e'ta.
1206 1235 1241 1273 ro

157 1336 322 1423 ¹Idemque
345 1339 381 1402 in
403 1337 614 1422 Epicharmo:

169 1470 199 1536 N
208 1472 265 1535 dm
284 1471 445 1536 videbar
468 1472 659 1536 somniare
682 1470 765 1535 med
788 1490 856 1554 ego
881 1491 964 1533 esse
983 1472 1189 1538 mortuum.
1240 1461 1241 1464 ¹

149 1603 297 1689 ltaque,
336 1604 433 1668 simul
465 1607 502 1670 ut
534 1604 712 1688 experrecti
748 1624 872 1685 sumus,
903 1601 974 1667 visa
1012 1603 1070 1669 illa
1106 1625 1188 1670 con·
1240 1683 1241 1688 γ

117 1693 345 1852 ,7temnimus
376 1715 481 1777 neque
513 1693 560 1758 ita
587 1693 826 1775 habemuS,ut
789 1711 905 1774 uea,
937 1713 1019 1774 quae
1046 1693 1083 1756 in
1109 1692 1187 1760 foro
1240 1693 1241 1744 ἶ

117 1801 342 1882 ,gossenus
399 1781 445 1846 At
477 1781 575 1865 enim,
608 1781 684 1845 dum
716 1779 876 1862 videntur,
914 1779 1025 1844 eadem
1061 1783 1112 1844 est
1148 1782 1187 1846 in
1204 1810 1241 1850 15*

170 1871 293 1934 somnis
326 1870 449 1972 speeies
486 1890 665 1950 eorumque,
706 1891 787 1952 quae
818 1868 991 1953 vigilantes
1028 1868 1188 1937 videmus.
1240 1947 1241 1950 Ἴ

168 1957 576 2043 Primnm't1nterest3-tsed
603 1958 636 2023 id
660 1958 863 2041 omittamus,
892 1956 974 2020 illud
997 1958 1083 2022 enim
1106 1958 1186 2024 dici-

169 2068 255 2128 mus,
286 2066 353 2110 non
380 2009 514 2111 eandein
543 2067 613 2110 esse
643 2045 711 2110 vim
733 2067 836 2130 neque
866 2045 1035 2130 integritt
1001 2068 1020 2109 a
1037 2067 1088 2110 em
1112 2047 1187 2112 dor·

169 2133 339 2198 inientium
367 2137 400 2198 et
426 2134 633 2220 vigilantium
660 2155 719 2198 nec
746 2137 854 2199 mente
881 2154 940 2198 nec
973 2155 1078 2200 sensu.
1133 2135 1186 2202 Ne
1240 2135 1241 2174 i

168 2222 326 2286 vinulenti
353 2222 496 2306 quidem,
527 2244 608 2307 quae
637 2222 776 2305 faciunt,
805 2222 917 2287 eadem
947 2223 1184 2306 adprobatione
1200 2253 1228 2292 eo

169 2309 306 2394 faciunt,
340 2333 402 2394 qua
430 2311 544 2395 sobrii3
572 2311 735 2396 dubitant,
763 2311 943 2394 haesitant,
961 2316 1125 2380 ,revocant
1151 2336 1186 2378 se
1240 2309 1241 2312 '

166 2398 331 2463 interdum
345 2400 457 2484 iisque,
471 2421 552 2484 quae
566 2400 725 2481 videntur,
738 2399 933 2464 imbecillius
948 2399 1187 2484 adsentiuntur,

169 2509 304 2572 cumque
333 2488 585 2572 edormiuerunt,
616 2489 674 2552 illa
705 2488 775 2552 visa
805 2510 902 2572 quam
935 2487 1020 2552 levia
1051 2488 1186 2573 fuerint,

169 2577 370 2662 intellegunt.
426 2576 519 2653 Quod
545 2577 631 2640 idem
660 2577 820 2660 contingit
846 2577 983 2660 insanis,
1009 2580 1047 2640 ut
1075 2581 1109 2642 et
1138 2579 1188 2643 in-
1240 2633 1241 2636 ,

169 2665 323 2748 cipientes
347 2665 452 2729 furere
484 2666 626 2729 sentiant
652 2667 686 2730 et
712 2665 821 2729 dicant
842 2665 980 2750 aliquid,
1010 2665 1096 2749 quod
1119 2689 1187 2732 non
1202 2694 1228 2734 ιι

169 2753 226 2836 sit,
253 2753 286 2817 id
315 2753 417 2818 videri
440 2752 503 2818 sibi
530 2757 577 2834 et,
601 2774 673 2817 cum
696 2753 895 2838 relaxentur,
918 2753 1059 2818 sentient
1086 2758 1188 2840 atque
1240 2769 1241 2772 ’

168 2841 226 2904 illa
250 2840 360 2906 dicant
382 2841 607 2906 Alcmaeonis:

253 2970 323 3037 de
346 2974 440 3040 mihi
461 2975 685 3059 nentiquam
709 2977 774 3040 cor
797 2975 995 3040 consentit
1017 2997 1100 3039 cnm

460 3063 660 3128 oculorum
683 3067 888 3148 aspectu..

113 3207 148 3258 53
167 3193 213 3258 At
240 3195 326 3259 enim
354 3194 425 3278 ipse
458 3196 586 3280 sapiens
615 3197 754 3260 sustinet
786 3217 833 3280 se,
862 3197 896 3261 in
927 3197 1034 3261 furore
1059 3217 1100 3260 ne
1130 3198 1186 3262 ad·
1201 3226 1227 3265 eo

166 3283 282 3366 probet
313 3282 399 3348 falsa
424 3307 485 3368 pro
517 3285 609 3349 veris
663 3283 708 3348 Et
736 3285 817 3348 alias
851 3283 981 3368 quidem
1014 3306 1124 3369 saepe,
1159 3289 1188 3351 si

166 3375 228 3435 aut·
250 3373 284 3436 in
312 3372 461 3437 sensibus
487 3373 588 3456 ipsius
617 3377 667 3437 est
694 3373 802 3457 aliqua
833 3372 918 3438 forte
949 3373 1092 3458 gravitas
1127 3379 1188 3439 aut
1240 3427 1241 3440 ι

165 3460 314 3543 tarditas,
348 3464 404 3525 aut
432 3461 618 3526 obscuriora
645 3463 734 3544 sunt,
767 3482 847 3545 quae
880 3460 1045 3544 videntur,
1077 3466 1136 3527 aut
1165 3487 1187 3528 a
1240 3471 1241 3478 ’

163 3548 388 3632 perspiciendo
407 3548 563 3632 temporis
582 3549 740 3614 brevitate
760 3549 948 3636 excluditur,
976 3549 1185 3636 Quamquam
1240 3597 1241 3638 ,
