<?xml version="1.0" encoding="UTF-8"?>
<!DOCTYPE html PUBLIC "-//W3C//DTD XHTML 1.0 Transitional//EN"
    "http://www.w3.org/TR/xhtml1/DTD/xhtml1-transitional.dtd">
<html xmlns="http://www.w3.org/1999/xhtml" xml:lang="en" lang="en">
 <head>
  <title>
</title>
<meta http-equiv="Content-Type" content="text/html;charset=utf-8" />
  <meta name='ocr-system' content='tesseract 3.04.00' />
  <meta name='ocr-capabilities' content='ocr_page ocr_carea ocr_par ocr_line ocrx_word'/>
</head>
<body>
  <div class='ocr_page' id='page_1' title='image "./scriptaquaemans00unkngoog_0355.png"; bbox 0 0 2564 3950; ppageno 0'>
   <div class='ocr_carea' id='block_1_1' title="bbox 176 217 990 284">
    <p class='ocr_par' dir='ltr' id='par_1_1' title="bbox 176 217 990 284">
     <span class='ocr_line' id='line_1_1' title="bbox 176 217 990 284; baseline -0.01 -4"><span class='ocrx_word' id='word_1_1' title='bbox 176 217 240 284; x_wconf 77' lang='grc'>302</span> <span class='ocrx_word' id='word_1_2' title='bbox 370 217 670 274; x_wconf 77' lang='lat' dir='ltr'><strong>TUSCULANARUM</strong></span> <span class='ocrx_word' id='word_1_3' title='bbox 686 217 990 274; x_wconf 84' lang='lat' dir='ltr'>DISPUTATIONUM</span> 
     </span>
    </p>
   </div>
   <div class='ocr_carea' id='block_1_2' title="bbox 122 380 1269 3638">
    <p class='ocr_par' dir='ltr' id='par_1_2' title="bbox 175 380 1269 1082">
     <span class='ocr_line' id='line_1_2' title="bbox 175 380 1269 466; baseline 0.002 -22"><span class='ocrx_word' id='word_1_4' title='bbox 175 381 307 448; x_wconf 73' lang='lat' dir='ltr'>fundus‘</span> <span class='ocrx_word' id='word_1_5' title='bbox 325 383 382 445; x_wconf 89' lang='lat' dir='ltr'>aut</span> <span class='ocrx_word' id='word_1_6' title='bbox 413 402 495 465; x_wconf 90' lang='lat' dir='ltr'>quae</span> <span class='ocrx_word' id='word_1_7' title='bbox 527 380 604 444; x_wconf 87' lang='lat' dir='ltr'>talis</span> <span class='ocrx_word' id='word_1_8' title='bbox 637 380 734 446; x_wconf 91' lang='lat' dir='ltr'>animi</span> <span class='ocrx_word' id='word_1_9' title='bbox 767 381 872 464; x_wconf 84' lang='lat' dir='ltr'>figura</span> <span class='ocrx_word' id='word_1_10' title='bbox 899 381 1045 466; x_wconf 83' lang='lat' dir='ltr'>intellegi</span> <span class='ocrx_word' id='word_1_11' title='bbox 1077 385 1197 466; x_wconf 87' lang='lat' dir='ltr'>potest</span> <span class='ocrx_word' id='word_1_12' title='bbox 1268 381 1269 426; x_wconf 48' lang='lat' dir='ltr'>i</span> 
     </span>
     <span class='ocr_line' id='line_1_3' title="bbox 175 468 1269 554; baseline 0 -20"><span class='ocrx_word' id='word_1_13' title='bbox 175 474 232 534; x_wconf 90' lang='lat' dir='ltr'>ant</span> <span class='ocrx_word' id='word_1_14' title='bbox 255 491 336 554; x_wconf 90' lang='lat' dir='ltr'>quae</span> <span class='ocrx_word' id='word_1_15' title='bbox 359 473 452 533; x_wconf 87' lang='lat' dir='ltr'>tanta</span> <span class='ocrx_word' id='word_1_16' title='bbox 474 468 606 533; x_wconf 88' lang='lat' dir='ltr'>omnino</span> <span class='ocrx_word' id='word_1_17' title='bbox 628 469 815 552; x_wconf 71' lang='lat' dir='ltr'>capacitas?</span> <span class='ocrx_word' id='word_1_18' title='bbox 859 471 913 532; x_wconf 91' lang='lat' dir='ltr'>An</span> <span class='ocrx_word' id='word_1_19' title='bbox 935 469 1070 554; x_wconf 90' lang='lat' dir='ltr'>inprimi</span> <span class='ocrx_word' id='word_1_20' title='bbox 1093 473 1194 554; x_wconf 84' lang='lat' dir='ltr'>quasi</span> <span class='ocrx_word' id='word_1_21' title='bbox 1268 477 1269 554; x_wconf 64' lang='lat' dir='ltr'>l</span> 
     </span>
     <span class='ocr_line' id='line_1_4' title="bbox 175 555 1269 644; baseline 0.003 -23"><span class='ocrx_word' id='word_1_22' title='bbox 175 579 282 622; x_wconf 87' lang='lat' dir='ltr'>ceram</span> <span class='ocrx_word' id='word_1_23' title='bbox 302 560 445 622; x_wconf 87' lang='lat' dir='ltr'>animum</span> <span class='ocrx_word' id='word_1_24' title='bbox 463 561 623 640; x_wconf 86' lang='lat' dir='ltr'>putamus,</span> <span class='ocrx_word' id='word_1_25' title='bbox 642 560 675 620; x_wconf 88' lang='lat' dir='ltr'>et</span> <span class='ocrx_word' id='word_1_26' title='bbox 688 577 757 620; x_wconf 92' lang='lat' dir='ltr'>esse</span> <span class='ocrx_word' id='word_1_27' title='bbox 772 557 962 622; x_wconf 82' lang='lat' dir='ltr'>memoriam</span> <span class='ocrx_word' id='word_1_28' title='bbox 979 559 1194 644; x_wconf 83' lang='lat' dir='ltr'>signatarum</span> <span class='ocrx_word' id='word_1_29' title='bbox 1268 555 1269 580; x_wconf 75' lang='lat'>³</span> 
     </span>
     <span class='ocr_line' id='line_1_5' title="bbox 175 643 1194 730; baseline 0.004 -22"><span class='ocrx_word' id='word_1_30' title='bbox 175 668 283 712; x_wconf 87' lang='lat' dir='ltr'>rerum</span> <span class='ocrx_word' id='word_1_31' title='bbox 310 647 344 709; x_wconf 90' lang='lat' dir='ltr'>in</span> <span class='ocrx_word' id='word_1_32' title='bbox 371 648 478 710; x_wconf 87' lang='lat' dir='ltr'>mente</span> <span class='ocrx_word' id='word_1_33' title='bbox 508 644 670 730; x_wconf 82' lang='lat' dir='ltr'>vestigia?</span> <span class='ocrx_word' id='word_1_34' title='bbox 719 643 808 720; x_wconf 84' lang='lat' dir='ltr'>Quae</span> <span class='ocrx_word' id='word_1_35' title='bbox 839 650 976 729; x_wconf 76' lang='lat' dir='ltr'><strong>possunt</strong></span> <span class='ocrx_word' id='word_1_36' title='bbox 1002 647 1194 730; x_wconf 88' lang='lat' dir='ltr'>verborum,</span> 
     </span>
     <span class='ocr_line' id='line_1_6' title="bbox 176 733 1269 818; baseline 0.005 -20"><span class='ocrx_word' id='word_1_37' title='bbox 176 756 257 818; x_wconf 92' lang='lat' dir='ltr'>quae</span> <span class='ocrx_word' id='word_1_38' title='bbox 289 755 396 801; x_wconf 87' lang='lat' dir='ltr'>rerum</span> <span class='ocrx_word' id='word_1_39' title='bbox 427 733 571 816; x_wconf 87' lang='lat' dir='ltr'>ipsarum</span> <span class='ocrx_word' id='word_1_40' title='bbox 604 733 852 818; x_wconf 67' lang='lat' dir='ltr'>esse&#39;vestigia,</span> <span class='ocrx_word' id='word_1_41' title='bbox 880 755 963 818; x_wconf 90' lang='lat' dir='ltr'>quae</span> <span class='ocrx_word' id='word_1_42' title='bbox 989 756 1087 817; x_wconf 90' lang='lat' dir='ltr'>porro</span> <span class='ocrx_word' id='word_1_43' title='bbox 1115 738 1222 800; x_wconf 73' lang='lat' dir='ltr'>tama</span> <span class='ocrx_word' id='word_1_44' title='bbox 1268 769 1269 804; x_wconf 84' lang='lat'>1</span> 
     </span>
     <span class='ocr_line' id='line_1_7' title="bbox 175 821 1193 906; baseline 0.002 -20"><span class='ocrx_word' id='word_1_45' title='bbox 175 823 323 888; x_wconf 87' lang='lat' dir='ltr'>inmensa</span> <span class='ocrx_word' id='word_1_46' title='bbox 363 821 571 906; x_wconf 84' lang='lat' dir='ltr'>magnitudo,</span> <span class='ocrx_word' id='word_1_47' title='bbox 614 842 695 905; x_wconf 89' lang='lat' dir='ltr'>quae</span> <span class='ocrx_word' id='word_1_48' title='bbox 731 821 791 885; x_wconf 92' lang='lat' dir='ltr'>illa</span> <span class='ocrx_word' id='word_1_49' title='bbox 826 825 895 887; x_wconf 88' lang='lat' dir='ltr'>tam</span> <span class='ocrx_word' id='word_1_50' title='bbox 935 823 1039 888; x_wconf 90' lang='lat' dir='ltr'>multa</span> <span class='ocrx_word' id='word_1_51' title='bbox 1080 826 1193 906; x_wconf 90' lang='lat' dir='ltr'>possit</span> 
     </span>
     <span class='ocr_line' id='line_1_8' title="bbox 176 909 1192 995; baseline 0.003 -21"><span class='ocrx_word' id='word_1_52' title='bbox 176 910 351 994; x_wconf 75' lang='lat' dir='ltr'>effingere?</span> <span class='ocrx_word' id='word_1_53' title='bbox 397 909 503 986; x_wconf 79' lang='lat' dir='ltr'>Quid?</span> <span class='ocrx_word' id='word_1_54' title='bbox 525 910 583 974; x_wconf 91' lang='lat' dir='ltr'>illa</span> <span class='ocrx_word' id='word_1_55' title='bbox 605 911 655 973; x_wconf 90' lang='lat' dir='ltr'>vis</span> <span class='ocrx_word' id='word_1_56' title='bbox 678 931 759 992; x_wconf 89' lang='lat' dir='ltr'>quae</span> <span class='ocrx_word' id='word_1_57' title='bbox 783 909 915 974; x_wconf 89' lang='lat' dir='ltr'>tandem</span> <span class='ocrx_word' id='word_1_58' title='bbox 938 914 1001 989; x_wconf 87' lang='lat' dir='ltr'>est,</span> <span class='ocrx_word' id='word_1_59' title='bbox 1031 933 1113 995; x_wconf 88' lang='lat' dir='ltr'>quae</span> <span class='ocrx_word' id='word_1_60' title='bbox 1136 913 1192 977; x_wconf 90' lang='lat' dir='ltr'>in-</span> 
     </span>
     <span class='ocr_line' id='line_1_9' title="bbox 175 998 1269 1082; baseline -0.002 -20"><span class='ocrx_word' id='word_1_61' title='bbox 175 1001 317 1082; x_wconf 85' lang='lat' dir='ltr'>vestigat</span> <span class='ocrx_word' id='word_1_62' title='bbox 335 998 474 1078; x_wconf 84' lang='lat' dir='ltr'>occulta,</span> <span class='ocrx_word' id='word_1_63' title='bbox 495 1020 576 1082; x_wconf 90' lang='lat' dir='ltr'>quae</span> <span class='ocrx_word' id='word_1_64' title='bbox 591 998 734 1062; x_wconf 88' lang='lat' dir='ltr'>inventio</span> <span class='ocrx_word' id='word_1_65' title='bbox 754 1001 850 1081; x_wconf 89' lang='lat' dir='ltr'>atque</span> <span class='ocrx_word' id='word_1_66' title='bbox 869 998 1024 1082; x_wconf 77' lang='lat' dir='ltr'>cogitatio</span> <span class='ocrx_word' id='word_1_67' title='bbox 1044 1000 1192 1064; x_wconf 75' lang='lat' dir='ltr'>dicitur?</span> <span class='ocrx_word' id='word_1_68' title='bbox 1268 999 1269 1060; x_wconf 51' lang='lat' dir='ltr'><em>Q</em></span> 
     </span>
    </p>

    <p class='ocr_par' dir='ltr' id='par_1_3' title="bbox 122 1085 1269 2575">
     <span class='ocr_line' id='line_1_10' title="bbox 122 1085 1269 1170; baseline 0.003 -20"><span class='ocrx_word' id='word_1_69' title='bbox 122 1101 155 1150; x_wconf 75' lang='lat'>62</span> <span class='ocrx_word' id='word_1_70' title='bbox 175 1086 227 1151; x_wconf 83' lang='lat' dir='ltr'>Ex</span> <span class='ocrx_word' id='word_1_71' title='bbox 254 1087 356 1151; x_wconf 89' lang='lat' dir='ltr'>hacne</span> <span class='ocrx_word' id='word_1_72' title='bbox 384 1087 446 1155; x_wconf 89' lang='lat' dir='ltr'>tibi</span> <span class='ocrx_word' id='word_1_73' title='bbox 473 1089 602 1150; x_wconf 85' lang='lat' dir='ltr'>terrena</span> <span class='ocrx_word' id='word_1_74' title='bbox 629 1085 821 1170; x_wconf 83' lang='lat' dir='ltr'>mortalique</span> <span class='ocrx_word' id='word_1_75' title='bbox 853 1090 970 1151; x_wconf 88' lang='lat' dir='ltr'>natura</span> <span class='ocrx_word' id='word_1_76' title='bbox 1001 1090 1034 1151; x_wconf 92' lang='lat' dir='ltr'>et</span> <span class='ocrx_word' id='word_1_77' title='bbox 1065 1087 1192 1154; x_wconf 87' lang='lat' dir='ltr'>caduca</span> <span class='ocrx_word' id='word_1_78' title='bbox 1268 1095 1269 1098; x_wconf 72' lang='grc'>’</span> 
     </span>
     <span class='ocr_line' id='line_1_11' title="bbox 176 1173 1237 1259; baseline 0 -20"><span class='ocrx_word' id='word_1_79' title='bbox 176 1177 326 1240; x_wconf 88' lang='lat' dir='ltr'>concreta</span> <span class='ocrx_word' id='word_1_80' title='bbox 353 1195 391 1240; x_wconf 88' lang='lat' dir='ltr'>ea</span> <span class='ocrx_word' id='word_1_81' title='bbox 417 1173 556 1258; x_wconf 88' lang='lat' dir='ltr'>videtur,</span> <span class='ocrx_word' id='word_1_82' title='bbox 583 1177 640 1238; x_wconf 88' lang='lat' dir='ltr'>aut</span> <span class='ocrx_word' id='word_1_83' title='bbox 666 1174 722 1258; x_wconf 89' lang='lat' dir='ltr'>qui</span> <span class='ocrx_word' id='word_1_84' title='bbox 749 1175 889 1258; x_wconf 87' lang='lat' dir='ltr'>primus,</span> <span class='ocrx_word' id='word_1_85' title='bbox 923 1175 1008 1259; x_wconf 90' lang='lat' dir='ltr'>quod</span> <span class='ocrx_word' id='word_1_86' title='bbox 1040 1198 1190 1242; x_wconf 86' lang='lat' dir='ltr'>summae</span> <span class='ocrx_word' id='word_1_87' title='bbox 1208 1204 1237 1239; x_wconf 86' lang='lat'>10</span> 
     </span>
     <span class='ocr_line' id='line_1_12' title="bbox 176 1261 1190 1346; baseline 0.002 -19"><span class='ocrx_word' id='word_1_88' title='bbox 176 1263 352 1346; x_wconf 83' lang='lat' dir='ltr'>sapientiae</span> <span class='ocrx_word' id='word_1_89' title='bbox 375 1261 581 1346; x_wconf 83' lang='lat' dir='ltr'>Pythagorae</span> <span class='ocrx_word' id='word_1_90' title='bbox 604 1262 709 1326; x_wconf 88' lang='lat' dir='ltr'>visum</span> <span class='ocrx_word' id='word_1_91' title='bbox 736 1265 799 1344; x_wconf 88' lang='lat' dir='ltr'>est,</span> <span class='ocrx_word' id='word_1_92' title='bbox 827 1263 976 1328; x_wconf 92' lang='lat' dir='ltr'>omnibus</span> <span class='ocrx_word' id='word_1_93' title='bbox 1004 1264 1102 1328; x_wconf 85' lang='lat' dir='ltr'>rebus</span> <span class='ocrx_word' id='word_1_94' title='bbox 1125 1267 1190 1329; x_wconf 89' lang='lat' dir='ltr'>im·</span> 
     </span>
     <span class='ocr_line' id='line_1_13' title="bbox 175 1349 1269 1438; baseline 0.004 -24"><span class='ocrx_word' id='word_1_95' title='bbox 175 1351 284 1434; x_wconf 89' lang='lat' dir='ltr'>posuit</span> <span class='ocrx_word' id='word_1_96' title='bbox 306 1351 451 1434; x_wconf 88' lang='lat' dir='ltr'>nomina,</span> <span class='ocrx_word' id='word_1_97' title='bbox 475 1353 531 1414; x_wconf 89' lang='lat' dir='ltr'>aut</span> <span class='ocrx_word' id='word_1_98' title='bbox 553 1350 608 1434; x_wconf 89' lang='lat' dir='ltr'>qui</span> <span class='ocrx_word' id='word_1_99' title='bbox 631 1349 807 1433; x_wconf 87' lang='lat' dir='ltr'>dissipatos</span> <span class='ocrx_word' id='word_1_100' title='bbox 835 1351 985 1416; x_wconf 90' lang='lat' dir='ltr'>homines</span> <span class='ocrx_word' id='word_1_101' title='bbox 1007 1373 1189 1438; x_wconf 82' lang='lat' dir='ltr'>congrega·</span> <span class='ocrx_word' id='word_1_102' title='bbox 1268 1383 1269 1386; x_wconf 40' lang='lat'>¹</span> 
     </span>
     <span class='ocr_line' id='line_1_14' title="bbox 174 1437 1190 1524; baseline 0.004 -22"><span class='ocrx_word' id='word_1_103' title='bbox 174 1439 223 1503; x_wconf 89' lang='lat' dir='ltr'>vit</span> <span class='ocrx_word' id='word_1_104' title='bbox 250 1443 284 1502; x_wconf 90' lang='lat' dir='ltr'>et</span> <span class='ocrx_word' id='word_1_105' title='bbox 306 1437 347 1502; x_wconf 84' lang='lat' dir='ltr'>ad</span> <span class='ocrx_word' id='word_1_106' title='bbox 370 1439 558 1504; x_wconf 74' lang='lat' dir='ltr'>societatem</span> <span class='ocrx_word' id='word_1_107' title='bbox 584 1438 671 1503; x_wconf 87' lang='lat' dir='ltr'>vitae</span> <span class='ocrx_word' id='word_1_108' title='bbox 695 1440 898 1522; x_wconf 88' lang='lat' dir='ltr'>convocavit,</span> <span class='ocrx_word' id='word_1_109' title='bbox 928 1443 986 1504; x_wconf 89' lang='lat' dir='ltr'>aut</span> <span class='ocrx_word' id='word_1_110' title='bbox 1008 1441 1064 1524; x_wconf 85' lang='lat' dir='ltr'>qui</span> <span class='ocrx_word' id='word_1_111' title='bbox 1087 1461 1190 1506; x_wconf 89' lang='lat' dir='ltr'>sonos</span> 
     </span>
     <span class='ocr_line' id='line_1_15' title="bbox 175 1523 1269 1610; baseline 0.004 -18"><span class='ocrx_word' id='word_1_112' title='bbox 175 1528 277 1609; x_wconf 84' lang='lat' dir='ltr'>vocis,</span> <span class='ocrx_word' id='word_1_113' title='bbox 300 1527 355 1610; x_wconf 93' lang='lat' dir='ltr'>qui</span> <span class='ocrx_word' id='word_1_114' title='bbox 378 1527 497 1592; x_wconf 88' lang='lat' dir='ltr'>infiniti</span> <span class='ocrx_word' id='word_1_115' title='bbox 519 1526 725 1609; x_wconf 86' lang='lat' dir='ltr'>videbantur,</span> <span class='ocrx_word' id='word_1_116' title='bbox 745 1525 863 1608; x_wconf 68' lang='lat' dir='ltr'>paucis</span> <span class='ocrx_word' id='word_1_117' title='bbox 881 1527 1073 1592; x_wconf 26' lang='lat' dir='ltr'>&#39;litterarum</span> <span class='ocrx_word' id='word_1_118' title='bbox 1096 1530 1189 1594; x_wconf 90' lang='lat' dir='ltr'>notis</span> <span class='ocrx_word' id='word_1_119' title='bbox 1268 1523 1269 1596; x_wconf 59' lang='grc' dir='ltr'>ζ</span> 
     </span>
     <span class='ocr_line' id='line_1_16' title="bbox 174 1615 1234 1700; baseline 0.003 -21"><span class='ocrx_word' id='word_1_120' title='bbox 174 1616 374 1699; x_wconf 84' lang='lat' dir='ltr'>terminavit,</span> <span class='ocrx_word' id='word_1_121' title='bbox 397 1619 454 1680; x_wconf 89' lang='lat' dir='ltr'>aut</span> <span class='ocrx_word' id='word_1_122' title='bbox 476 1615 532 1698; x_wconf 91' lang='lat' dir='ltr'>qui</span> <span class='ocrx_word' id='word_1_123' title='bbox 555 1615 732 1679; x_wconf 82' lang='lat' dir='ltr'>errantium</span> <span class='ocrx_word' id='word_1_124' title='bbox 755 1615 923 1679; x_wconf 84' lang='lat' dir='ltr'>stellarum</span> <span class='ocrx_word' id='word_1_125' title='bbox 947 1637 1071 1700; x_wconf 88' lang='lat' dir='ltr'>cursus,</span> <span class='ocrx_word' id='word_1_126' title='bbox 1094 1639 1189 1700; x_wconf 77' lang='lat' dir='ltr'>prae</span> <span class='ocrx_word' id='word_1_127' title='bbox 1206 1643 1234 1682; x_wconf 84' lang='lat'>15</span> 
     </span>
     <span class='ocr_line' id='line_1_17' title="bbox 175 1701 1269 1788; baseline 0.003 -21"><span class='ocrx_word' id='word_1_128' title='bbox 175 1705 374 1788; x_wconf 82' lang='lat' dir='ltr'>gressiones,</span> <span class='ocrx_word' id='word_1_129' title='bbox 397 1703 582 1770; x_wconf 83' lang='lat' dir='ltr'>institiones</span> <span class='ocrx_word' id='word_1_130' title='bbox 605 1701 755 1767; x_wconf 81' lang='lat' dir='ltr'>notavit?</span> <span class='ocrx_word' id='word_1_131' title='bbox 796 1702 914 1768; x_wconf 83' lang='lat' dir='ltr'>Omnes</span> <span class='ocrx_word' id='word_1_132' title='bbox 937 1705 1063 1787; x_wconf 88' lang='lat' dir='ltr'>magni,</span> <span class='ocrx_word' id='word_1_133' title='bbox 1086 1705 1189 1770; x_wconf 90' lang='lat' dir='ltr'>etiam</span> <span class='ocrx_word' id='word_1_134' title='bbox 1268 1705 1269 1708; x_wconf 64' lang='grc'>’</span> 
     </span>
     <span class='ocr_line' id='line_1_18' title="bbox 176 1790 1189 1878; baseline 0.002 -22"><span class='ocrx_word' id='word_1_135' title='bbox 176 1793 371 1875; x_wconf 87' lang='lat' dir='ltr'>superiores,</span> <span class='ocrx_word' id='word_1_136' title='bbox 398 1792 453 1876; x_wconf 91' lang='lat' dir='ltr'>qui</span> <span class='ocrx_word' id='word_1_137' title='bbox 481 1792 604 1878; x_wconf 83' lang='lat' dir='ltr'>fruges,</span> <span class='ocrx_word' id='word_1_138' title='bbox 633 1791 689 1874; x_wconf 91' lang='lat' dir='ltr'>qui</span> <span class='ocrx_word' id='word_1_139' title='bbox 715 1790 883 1873; x_wconf 88' lang='lat' dir='ltr'>vestitum,</span> <span class='ocrx_word' id='word_1_140' title='bbox 916 1793 971 1875; x_wconf 91' lang='lat' dir='ltr'>qui</span> <span class='ocrx_word' id='word_1_141' title='bbox 997 1796 1099 1870; x_wconf 88' lang='lat' dir='ltr'>tecta,</span> <span class='ocrx_word' id='word_1_142' title='bbox 1129 1796 1189 1876; x_wconf 90' lang='lat' dir='ltr'>qui</span> 
     </span>
     <span class='ocr_line' id='line_1_19' title="bbox 175 1879 1188 1963; baseline 0.001 -19"><span class='ocrx_word' id='word_1_143' title='bbox 175 1880 299 1944; x_wconf 87' lang='lat' dir='ltr'>cultum</span> <span class='ocrx_word' id='word_1_144' title='bbox 327 1881 426 1962; x_wconf 89' lang='lat' dir='ltr'>vitae,</span> <span class='ocrx_word' id='word_1_145' title='bbox 455 1879 510 1963; x_wconf 92' lang='lat' dir='ltr'>qui</span> <span class='ocrx_word' id='word_1_146' title='bbox 536 1879 697 1963; x_wconf 88' lang='lat' dir='ltr'>praesidia</span> <span class='ocrx_word' id='word_1_147' title='bbox 725 1883 839 1943; x_wconf 86' lang='lat' dir='ltr'>contra</span> <span class='ocrx_word' id='word_1_148' title='bbox 868 1882 953 1943; x_wconf 81' lang='lat' dir='ltr'>feras</span> <span class='ocrx_word' id='word_1_149' title='bbox 983 1879 1188 1960; x_wconf 88' lang='lat' dir='ltr'>invenerunt,</span> 
     </span>
     <span class='ocr_line' id='line_1_20' title="bbox 175 1965 1188 2053; baseline 0 -21"><span class='ocrx_word' id='word_1_150' title='bbox 175 1991 195 2032; x_wconf 88' lang='lat' dir='ltr'>a</span> <span class='ocrx_word' id='word_1_151' title='bbox 213 1969 330 2053; x_wconf 90' lang='lat' dir='ltr'>quibus</span> <span class='ocrx_word' id='word_1_152' title='bbox 354 1967 568 2032; x_wconf 88' lang='lat' dir='ltr'>mansuefacti</span> <span class='ocrx_word' id='word_1_153' title='bbox 593 1972 625 2032; x_wconf 92' lang='lat' dir='ltr'>et</span> <span class='ocrx_word' id='word_1_154' title='bbox 648 1965 766 2031; x_wconf 84' lang='lat' dir='ltr'>exculti</span> <span class='ocrx_word' id='word_1_155' title='bbox 786 1989 805 2031; x_wconf 89' lang='lat' dir='ltr'>a</span> <span class='ocrx_word' id='word_1_156' title='bbox 825 1967 1014 2032; x_wconf 77' lang='lat' dir='ltr'>necessariis</span> <span class='ocrx_word' id='word_1_157' title='bbox 1039 1968 1188 2033; x_wconf 87' lang='lat' dir='ltr'>artificiis</span> 
     </span>
     <span class='ocr_line' id='line_1_21' title="bbox 175 2052 1231 2139; baseline 0.003 -19"><span class='ocrx_word' id='word_1_158' title='bbox 175 2056 216 2120; x_wconf 88' lang='lat' dir='ltr'>ad</span> <span class='ocrx_word' id='word_1_159' title='bbox 235 2056 435 2139; x_wconf 86' lang='lat' dir='ltr'>elegantiora</span> <span class='ocrx_word' id='word_1_160' title='bbox 458 2055 657 2118; x_wconf 85' lang='lat' dir='ltr'>defluximus.</span> <span class='ocrx_word' id='word_1_161' title='bbox 692 2052 778 2118; x_wconf 88' lang='lat' dir='ltr'>Nam</span> <span class='ocrx_word' id='word_1_162' title='bbox 799 2058 831 2118; x_wconf 92' lang='lat' dir='ltr'>et</span> <span class='ocrx_word' id='word_1_163' title='bbox 854 2055 985 2121; x_wconf 87' lang='lat' dir='ltr'>auribus</span> <span class='ocrx_word' id='word_1_164' title='bbox 1007 2056 1188 2123; x_wconf 87' lang='lat' dir='ltr'>oblectatio</span> <span class='ocrx_word' id='word_1_165' title='bbox 1204 2085 1231 2122; x_wconf 85' lang='lat'>2⁰</span> 
     </span>
     <span class='ocr_line' id='line_1_22' title="bbox 175 2143 1189 2227; baseline 0.003 -21"><span class='ocrx_word' id='word_1_166' title='bbox 175 2163 292 2227; x_wconf 85' lang='lat' dir='ltr'>magna</span> <span class='ocrx_word' id='word_1_167' title='bbox 324 2147 420 2227; x_wconf 88' lang='lat' dir='ltr'>parta</span> <span class='ocrx_word' id='word_1_168' title='bbox 448 2147 498 2208; x_wconf 90' lang='lat' dir='ltr'>est</span> <span class='ocrx_word' id='word_1_169' title='bbox 524 2143 657 2208; x_wconf 89' lang='lat' dir='ltr'>inventa</span> <span class='ocrx_word' id='word_1_170' title='bbox 686 2145 719 2206; x_wconf 88' lang='lat' dir='ltr'>et</span> <span class='ocrx_word' id='word_1_171' title='bbox 749 2145 930 2225; x_wconf 84' lang='lat' dir='ltr'>temperata</span> <span class='ocrx_word' id='word_1_172' title='bbox 961 2144 1120 2208; x_wconf 86' lang='lat' dir='ltr'>varietate</span> <span class='ocrx_word' id='word_1_173' title='bbox 1153 2152 1189 2209; x_wconf 91' lang='lat' dir='ltr'>et</span> 
     </span>
     <span class='ocr_line' id='line_1_23' title="bbox 174 2231 1189 2317; baseline 0.002 -22"><span class='ocrx_word' id='word_1_174' title='bbox 174 2235 292 2296; x_wconf 87' lang='lat' dir='ltr'>natura</span> <span class='ocrx_word' id='word_1_175' title='bbox 320 2253 486 2315; x_wconf 89' lang='lat' dir='ltr'>sonorum,</span> <span class='ocrx_word' id='word_1_176' title='bbox 515 2235 548 2294; x_wconf 89' lang='lat' dir='ltr'>et</span> <span class='ocrx_word' id='word_1_177' title='bbox 575 2234 663 2295; x_wconf 88' lang='lat' dir='ltr'>astra</span> <span class='ocrx_word' id='word_1_178' title='bbox 691 2231 892 2314; x_wconf 85' lang='lat' dir='ltr'>suspeximus</span> <span class='ocrx_word' id='word_1_179' title='bbox 921 2252 993 2296; x_wconf 91' lang='lat' dir='ltr'>cum</span> <span class='ocrx_word' id='word_1_180' title='bbox 1020 2252 1071 2315; x_wconf 92' lang='lat' dir='ltr'>ea,</span> <span class='ocrx_word' id='word_1_181' title='bbox 1103 2254 1189 2317; x_wconf 91' lang='lat' dir='ltr'>quae</span> 
     </span>
     <span class='ocr_line' id='line_1_24' title="bbox 176 2319 1189 2404; baseline 0.002 -21"><span class='ocrx_word' id='word_1_182' title='bbox 176 2323 252 2384; x_wconf 90' lang='lat' dir='ltr'>sunt</span> <span class='ocrx_word' id='word_1_183' title='bbox 274 2320 374 2384; x_wconf 86' lang='lat' dir='ltr'>infixa</span> <span class='ocrx_word' id='word_1_184' title='bbox 393 2319 489 2385; x_wconf 88' lang='lat' dir='ltr'>certis</span> <span class='ocrx_word' id='word_1_185' title='bbox 512 2319 606 2402; x_wconf 85' lang='lat' dir='ltr'>loc&#39;is,</span> <span class='ocrx_word' id='word_1_186' title='bbox 628 2323 698 2385; x_wconf 85' lang='lat' dir='ltr'>tum</span> <span class='ocrx_word' id='word_1_187' title='bbox 720 2319 778 2383; x_wconf 91' lang='lat' dir='ltr'>illa</span> <span class='ocrx_word' id='word_1_188' title='bbox 795 2340 861 2384; x_wconf 92' lang='lat' dir='ltr'>non</span> <span class='ocrx_word' id='word_1_189' title='bbox 879 2341 929 2404; x_wconf 87' lang='lat' dir='ltr'>re,</span> <span class='ocrx_word' id='word_1_190' title='bbox 952 2320 1008 2384; x_wconf 89' lang='lat' dir='ltr'>sed</span> <span class='ocrx_word' id='word_1_191' title='bbox 1026 2321 1189 2386; x_wconf 89' lang='lat' dir='ltr'>vocabulo</span> 
     </span>
     <span class='ocr_line' id='line_1_25' title="bbox 175 2407 1189 2493; baseline 0.002 -22"><span class='ocrx_word' id='word_1_192' title='bbox 175 2409 328 2493; x_wconf 82' lang='lat' dir='ltr'>errantia3</span> <span class='ocrx_word' id='word_1_193' title='bbox 362 2429 499 2493; x_wconf 90' lang='lat' dir='ltr'>quorum</span> <span class='ocrx_word' id='word_1_194' title='bbox 533 2407 759 2473; x_wconf 85' lang='lat' dir='ltr'>conversiones</span> <span class='ocrx_word' id='word_1_195' title='bbox 791 2408 958 2491; x_wconf 89' lang='lat' dir='ltr'>omnisque</span> <span class='ocrx_word' id='word_1_196' title='bbox 989 2412 1097 2473; x_wconf 87' lang='lat' dir='ltr'>motus</span> <span class='ocrx_word' id='word_1_197' title='bbox 1131 2411 1189 2492; x_wconf 91' lang='lat' dir='ltr'>qui</span> 
     </span>
     <span class='ocr_line' id='line_1_26' title="bbox 176 2495 1231 2575; baseline 0.004 -16"><span class='ocrx_word' id='word_1_198' title='bbox 176 2497 283 2560; x_wconf 89' lang='lat' dir='ltr'>animo</span> <span class='ocrx_word' id='word_1_199' title='bbox 316 2497 410 2575; x_wconf 90' lang='lat' dir='ltr'>vidit,</span> <span class='ocrx_word' id='word_1_200' title='bbox 442 2497 470 2561; x_wconf 91' lang='lat' dir='ltr'>is</span> <span class='ocrx_word' id='word_1_201' title='bbox 503 2497 612 2562; x_wconf 90' lang='lat' dir='ltr'>docuit</span> <span class='ocrx_word' id='word_1_202' title='bbox 644 2495 784 2560; x_wconf 86' lang='lat' dir='ltr'>similem</span> <span class='ocrx_word' id='word_1_203' title='bbox 817 2495 960 2561; x_wconf 89' lang='lat' dir='ltr'>animum</span> <span class='ocrx_word' id='word_1_204' title='bbox 993 2511 1087 2561; x_wconf 59' lang='lat' dir='ltr'>num</span> <span class='ocrx_word' id='word_1_205' title='bbox 1116 2498 1187 2562; x_wconf 88' lang='lat' dir='ltr'>eius</span> <span class='ocrx_word' id='word_1_206' title='bbox 1203 2525 1231 2564; x_wconf 73' lang='lat'>25</span> 
     </span>
    </p>

    <p class='ocr_par' dir='ltr' id='par_1_4' title="bbox 124 2573 1229 3285">
     <span class='ocr_line' id='line_1_27' title="bbox 124 2573 1188 2670; baseline 0.004 -24"><span class='ocrx_word' id='word_1_207' title='bbox 124 2599 156 2646; x_wconf 75' lang='lat' dir='ltr'>oa</span> <span class='ocrx_word' id='word_1_208' title='bbox 177 2606 259 2667; x_wconf 86' lang='lat' dir='ltr'>esse,</span> <span class='ocrx_word' id='word_1_209' title='bbox 292 2586 348 2670; x_wconf 91' lang='lat' dir='ltr'>qui</span> <span class='ocrx_word' id='word_1_210' title='bbox 380 2607 418 2650; x_wconf 91' lang='lat' dir='ltr'>ea</span> <span class='ocrx_word' id='word_1_211' title='bbox 448 2585 627 2650; x_wconf 85' lang='lat' dir='ltr'>fabricatus</span> <span class='ocrx_word' id='word_1_212' title='bbox 661 2588 746 2648; x_wconf 90' lang='lat' dir='ltr'>esset</span> <span class='ocrx_word' id='word_1_213' title='bbox 777 2585 811 2647; x_wconf 91' lang='lat' dir='ltr'>in</span> <span class='ocrx_word' id='word_1_214' title='bbox 843 2573 950 2649; x_wconf 57' lang='lat' dir='ltr'>caelos</span> <span class='ocrx_word' id='word_1_215' title='bbox 993 2582 1081 2648; x_wconf 90' lang='lat' dir='ltr'>Nam</span> <span class='ocrx_word' id='word_1_216' title='bbox 1113 2607 1188 2650; x_wconf 83' lang='lat' dir='ltr'>cunr</span> 
     </span>
     <span class='ocr_line' id='line_1_28' title="bbox 176 2672 1188 2756; baseline 0.002 -20"><span class='ocrx_word' id='word_1_217' title='bbox 176 2672 385 2737; x_wconf 87' lang='lat' dir='ltr'>Archimedes</span> <span class='ocrx_word' id='word_1_218' title='bbox 409 2674 517 2750; x_wconf 88' lang='lat' dir='ltr'>lunae,</span> <span class='ocrx_word' id='word_1_219' title='bbox 541 2672 634 2754; x_wconf 89' lang='lat' dir='ltr'>solis,</span> <span class='ocrx_word' id='word_1_220' title='bbox 656 2672 795 2756; x_wconf 90' lang='lat' dir='ltr'>quinque</span> <span class='ocrx_word' id='word_1_221' title='bbox 819 2673 996 2737; x_wconf 85' lang='lat' dir='ltr'>errantium</span> <span class='ocrx_word' id='word_1_222' title='bbox 1019 2677 1127 2738; x_wconf 88' lang='lat' dir='ltr'>motus</span> <span class='ocrx_word' id='word_1_223' title='bbox 1152 2675 1188 2738; x_wconf 90' lang='lat' dir='ltr'>in</span> 
     </span>
     <span class='ocr_line' id='line_1_29' title="bbox 176 2758 1189 2845; baseline 0.003 -22"><span class='ocrx_word' id='word_1_224' title='bbox 176 2758 348 2842; x_wconf 87' lang='lat' dir='ltr'>sphaeram</span> <span class='ocrx_word' id='word_1_225' title='bbox 380 2760 545 2844; x_wconf 85' lang='lat' dir='ltr'>inligavit,</span> <span class='ocrx_word' id='word_1_226' title='bbox 577 2760 683 2825; x_wconf 87' lang='lat' dir='ltr'>effecit</span> <span class='ocrx_word' id='word_1_227' title='bbox 713 2761 812 2843; x_wconf 89' lang='lat' dir='ltr'>idem,</span> <span class='ocrx_word' id='word_1_228' title='bbox 844 2761 938 2844; x_wconf 88' lang='lat' dir='ltr'>quod.</span> <span class='ocrx_word' id='word_1_229' title='bbox 961 2760 1030 2843; x_wconf 89' lang='lat' dir='ltr'>ille,</span> <span class='ocrx_word' id='word_1_230' title='bbox 1064 2762 1119 2845; x_wconf 91' lang='lat' dir='ltr'>qui</span> <span class='ocrx_word' id='word_1_231' title='bbox 1152 2763 1189 2826; x_wconf 91' lang='lat' dir='ltr'>in</span> 
     </span>
     <span class='ocr_line' id='line_1_30' title="bbox 175 2847 1189 2932; baseline 0.003 -22"><span class='ocrx_word' id='word_1_232' title='bbox 175 2847 306 2912; x_wconf 82' lang='lat' dir='ltr'>Timaeo</span> <span class='ocrx_word' id='word_1_233' title='bbox 330 2848 483 2913; x_wconf 90' lang='lat' dir='ltr'>mundum</span> <span class='ocrx_word' id='word_1_234' title='bbox 507 2848 702 2928; x_wconf 88' lang='lat' dir='ltr'>aedificavit,</span> <span class='ocrx_word' id='word_1_235' title='bbox 729 2848 876 2913; x_wconf 87' lang='lat' dir='ltr'>Platonis</span> <span class='ocrx_word' id='word_1_236' title='bbox 904 2848 996 2932; x_wconf 87' lang='lat' dir='ltr'>deus,</span> <span class='ocrx_word' id='word_1_237' title='bbox 1024 2852 1060 2913; x_wconf 89' lang='lat' dir='ltr'>ut</span> <span class='ocrx_word' id='word_1_238' title='bbox 1081 2849 1189 2914; x_wconf 84' lang='lat' dir='ltr'>tardi-</span> 
     </span>
     <span class='ocr_line' id='line_1_31' title="bbox 175 2936 1229 3022; baseline 0.005 -24"><span class='ocrx_word' id='word_1_239' title='bbox 175 2939 242 2999; x_wconf 84' lang='lat' dir='ltr'>tate</span> <span class='ocrx_word' id='word_1_240' title='bbox 280 2939 313 3000; x_wconf 88' lang='lat' dir='ltr'>et</span> <span class='ocrx_word' id='word_1_241' title='bbox 348 2936 513 3000; x_wconf 87' lang='lat' dir='ltr'>celeritate</span> <span class='ocrx_word' id='word_1_242' title='bbox 549 2936 783 3000; x_wconf 88' lang='lat' dir='ltr'>dissimillimos</span> <span class='ocrx_word' id='word_1_243' title='bbox 823 2941 931 3000; x_wconf 88' lang='lat' dir='ltr'>motus</span> <span class='ocrx_word' id='word_1_244' title='bbox 963 2959 1028 3002; x_wconf 89' lang='lat' dir='ltr'>una</span> <span class='ocrx_word' id='word_1_245' title='bbox 1058 2943 1189 3022; x_wconf 82' lang='lat' dir='ltr'>regeret</span> <span class='ocrx_word' id='word_1_246' title='bbox 1203 2965 1229 3003; x_wconf 81' lang='lat' dir='ltr'>so</span> 
     </span>
     <span class='ocr_line' id='line_1_32' title="bbox 176 3023 1185 3100; baseline 0.002 -12"><span class='ocrx_word' id='word_1_247' title='bbox 176 3023 351 3089; x_wconf 89' lang='lat' dir='ltr'>conversio.</span> <span class='ocrx_word' id='word_1_248' title='bbox 397 3023 488 3100; x_wconf 81' lang='lat' dir='ltr'>Quod</span> <span class='ocrx_word' id='word_1_249' title='bbox 512 3024 541 3089; x_wconf 92' lang='lat' dir='ltr'>si</span> <span class='ocrx_word' id='word_1_250' title='bbox 563 3025 598 3088; x_wconf 91' lang='lat' dir='ltr'>in</span> <span class='ocrx_word' id='word_1_251' title='bbox 620 3025 683 3089; x_wconf 89' lang='lat' dir='ltr'>hoo</span> <span class='ocrx_word' id='word_1_252' title='bbox 705 3025 824 3089; x_wconf 91' lang='lat' dir='ltr'>mundo</span> <span class='ocrx_word' id='word_1_253' title='bbox 850 3024 920 3088; x_wconf 89' lang='lat' dir='ltr'>fieri</span> <span class='ocrx_word' id='word_1_254' title='bbox 944 3025 1013 3089; x_wconf 91' lang='lat' dir='ltr'>sine</span> <span class='ocrx_word' id='word_1_255' title='bbox 1037 3023 1096 3090; x_wconf 87' lang='lat' dir='ltr'>deo</span> <span class='ocrx_word' id='word_1_256' title='bbox 1119 3047 1185 3090; x_wconf 90' lang='lat' dir='ltr'>non</span> 
     </span>
     <span class='ocr_line' id='line_1_33' title="bbox 174 3108 1187 3198; baseline 0 -20"><span class='ocrx_word' id='word_1_257' title='bbox 174 3116 297 3197; x_wconf 90' lang='lat' dir='ltr'>potest,</span> <span class='ocrx_word' id='word_1_258' title='bbox 325 3134 365 3177; x_wconf 91' lang='lat' dir='ltr'>ne</span> <span class='ocrx_word' id='word_1_259' title='bbox 394 3113 429 3176; x_wconf 90' lang='lat' dir='ltr'>in</span> <span class='ocrx_word' id='word_1_260' title='bbox 456 3108 594 3198; x_wconf 89' lang='lat' dir='ltr'>sphaera</span> <span class='ocrx_word' id='word_1_261' title='bbox 623 3113 751 3197; x_wconf 91' lang='lat' dir='ltr'>quidem</span> <span class='ocrx_word' id='word_1_262' title='bbox 779 3112 909 3178; x_wconf 90' lang='lat' dir='ltr'>eosdem</span> <span class='ocrx_word' id='word_1_263' title='bbox 936 3117 1043 3177; x_wconf 88' lang='lat' dir='ltr'>motus</span> <span class='ocrx_word' id='word_1_264' title='bbox 1072 3114 1187 3178; x_wconf 85' lang='lat' dir='ltr'>Archi-</span> 
     </span>
     <span class='ocr_line' id='line_1_34' title="bbox 176 3200 1001 3285; baseline 0.001 -21"><span class='ocrx_word' id='word_1_265' title='bbox 176 3200 284 3264; x_wconf 91' lang='lat' dir='ltr'>medes</span> <span class='ocrx_word' id='word_1_266' title='bbox 308 3201 376 3264; x_wconf 88' lang='lat' dir='ltr'>sine</span> <span class='ocrx_word' id='word_1_267' title='bbox 400 3201 508 3266; x_wconf 90' lang='lat' dir='ltr'>divino</span> <span class='ocrx_word' id='word_1_268' title='bbox 532 3202 662 3285; x_wconf 86' lang='lat' dir='ltr'>ingenio</span> <span class='ocrx_word' id='word_1_269' title='bbox 686 3202 848 3284; x_wconf 86' lang='lat' dir='ltr'>potuisset</span> <span class='ocrx_word' id='word_1_270' title='bbox 870 3201 1001 3265; x_wconf 88' lang='lat' dir='ltr'>imitari.</span> 
     </span>
    </p>

    <p class='ocr_par' dir='ltr' id='par_1_5' title="bbox 123 3260 1269 3638">
     <span class='ocr_line' id='line_1_35' title="bbox 123 3260 1269 3385; baseline 0.003 -33"><span class='ocrx_word' id='word_1_271' title='bbox 123 3260 165 3385; x_wconf 55' lang='lat' dir='ltr'>{ff</span> <span class='ocrx_word' id='word_1_272' title='bbox 241 3288 325 3353; x_wconf 91' lang='lat' dir='ltr'>Mihi</span> <span class='ocrx_word' id='word_1_273' title='bbox 352 3309 428 3353; x_wconf 87' lang='lat' dir='ltr'>vero</span> <span class='ocrx_word' id='word_1_274' title='bbox 454 3312 495 3355; x_wconf 92' lang='lat' dir='ltr'>ne</span> <span class='ocrx_word' id='word_1_275' title='bbox 518 3290 597 3354; x_wconf 88' lang='lat' dir='ltr'>haec</span> <span class='ocrx_word' id='word_1_276' title='bbox 625 3289 754 3372; x_wconf 90' lang='lat' dir='ltr'>quidem</span> <span class='ocrx_word' id='word_1_277' title='bbox 780 3289 910 3354; x_wconf 87' lang='lat' dir='ltr'>notiora</span> <span class='ocrx_word' id='word_1_278' title='bbox 937 3292 969 3352; x_wconf 93' lang='lat' dir='ltr'>et</span> <span class='ocrx_word' id='word_1_279' title='bbox 996 3289 1189 3354; x_wconf 86' lang='lat' dir='ltr'>inlustriora</span> <span class='ocrx_word' id='word_1_280' title='bbox 1268 3373 1269 3376; x_wconf 8' lang='grc' dir='ltr'><strong>Ἴ</strong></span> 
     </span>
     <span class='ocr_line' id='line_1_36' title="bbox 175 3377 1229 3461; baseline 0.003 -19"><span class='ocrx_word' id='word_1_281' title='bbox 175 3397 283 3442; x_wconf 87' lang='lat' dir='ltr'>carere</span> <span class='ocrx_word' id='word_1_282' title='bbox 311 3377 343 3442; x_wconf 94' lang='lat' dir='ltr'>vi</span> <span class='ocrx_word' id='word_1_283' title='bbox 372 3377 481 3442; x_wconf 92' lang='lat' dir='ltr'>divina</span> <span class='ocrx_word' id='word_1_284' title='bbox 508 3377 672 3460; x_wconf 87' lang='lat' dir='ltr'>videntur,</span> <span class='ocrx_word' id='word_1_285' title='bbox 699 3382 736 3441; x_wconf 91' lang='lat' dir='ltr'>ut</span> <span class='ocrx_word' id='word_1_286' title='bbox 764 3397 823 3460; x_wconf 77' lang='lat' dir='ltr'>ego</span> <span class='ocrx_word' id='word_1_287' title='bbox 852 3380 908 3442; x_wconf 87' lang='lat' dir='ltr'>aut</span> <span class='ocrx_word' id='word_1_288' title='bbox 935 3381 1064 3459; x_wconf 72' lang='lat' dir='ltr'>podiam</span> <span class='ocrx_word' id='word_1_289' title='bbox 1088 3397 1229 3461; x_wconf 74' lang='lat' dir='ltr'>graveas</span> 
     </span>
     <span class='ocr_line' id='line_1_37' title="bbox 174 3465 1188 3550; baseline 0.002 -22"><span class='ocrx_word' id='word_1_290' title='bbox 174 3466 368 3550; x_wconf 88' lang='lat' dir='ltr'>plenumque</span> <span class='ocrx_word' id='word_1_291' title='bbox 383 3487 513 3530; x_wconf 84' lang='lat' dir='ltr'>carmen</span> <span class='ocrx_word' id='word_1_292' title='bbox 528 3465 596 3530; x_wconf 89' lang='lat' dir='ltr'>sine</span> <span class='ocrx_word' id='word_1_293' title='bbox 615 3465 748 3530; x_wconf 87' lang='lat' dir='ltr'>caelesti</span> <span class='ocrx_word' id='word_1_294' title='bbox 767 3465 873 3548; x_wconf 88' lang='lat' dir='ltr'>aliquo</span> <span class='ocrx_word' id='word_1_295' title='bbox 893 3465 1011 3529; x_wconf 89' lang='lat' dir='ltr'>mentis</span> <span class='ocrx_word' id='word_1_296' title='bbox 1030 3465 1188 3530; x_wconf 86' lang='lat' dir='ltr'>instinctu</span> 
     </span>
     <span class='ocr_line' id='line_1_38' title="bbox 175 3553 1269 3638; baseline 0.002 -22"><span class='ocrx_word' id='word_1_297' title='bbox 175 3558 286 3636; x_wconf 88' lang='lat' dir='ltr'>putem</span> <span class='ocrx_word' id='word_1_298' title='bbox 308 3553 456 3638; x_wconf 85' lang='lat' dir='ltr'>fundere,</span> <span class='ocrx_word' id='word_1_299' title='bbox 483 3556 539 3618; x_wconf 87' lang='lat' dir='ltr'>aut</span> <span class='ocrx_word' id='word_1_300' title='bbox 567 3553 783 3637; x_wconf 90' lang='lat' dir='ltr'>eloquentiam</span> <span class='ocrx_word' id='word_1_301' title='bbox 807 3555 875 3617; x_wconf 91' lang='lat' dir='ltr'>sine</span> <span class='ocrx_word' id='word_1_302' title='bbox 898 3553 1019 3617; x_wconf 87' lang='lat' dir='ltr'>maiore</span> <span class='ocrx_word' id='word_1_303' title='bbox 1046 3553 1188 3638; x_wconf 87' lang='lat' dir='ltr'>quadam</span> <span class='ocrx_word' id='word_1_304' title='bbox 1268 3635 1269 3638; x_wconf 8' lang='grc' dir='ltr'><strong>Ἴ</strong></span> 
     </span>
    </p>
   </div>
   <div class='ocr_carea' id='block_1_3' title="bbox 0 0 1286 3950">
    <p class='ocr_par' dir='ltr' id='par_1_6' title="bbox 0 0 1286 3950">
     <span class='ocr_line' id='line_1_39' title="bbox 0 0 1286 3950; baseline 0 0"><span class='ocrx_word' id='word_1_305' title='bbox 0 0 1286 3950; x_wconf 95' lang='lat' dir='ltr'> </span> 
     </span>
    </p>
   </div>
  </div>
 </body>
</html>
