2564 3950
309 148 377 238 me.
396 183 443 240 lv.
472 182 549 240 car.
569 189 690 238 re-er.
719 189 874 250 ssa-se.
1031 137 1096 249 223

152 343 273 408 Postea
312 347 387 409 tuus
428 344 482 410 ille
513 345 685 411 Poenulus
723 343 800 431 (seis
840 346 926 411 enim
964 346 1095 430 Citieos,
1105 317 1150 443 252

88 431 222 496 clientes
258 435 347 513 tuos,
384 455 400 497 e
437 433 600 499 Phoenica
635 431 828 520 profectos),
863 433 961 498 homo
997 435 1096 519 igitur

12 585 13 588 ,
88 523 216 602 acutus,
239 541 369 584 causam
387 542 453 586 non
472 522 623 586 obtinens
642 525 841 606 repugnante
859 526 976 587 natura
997 523 1097 587 verba

88 628 217 672 versare
246 609 351 692 coepit
380 613 413 672 et
438 609 580 691 primum
607 609 702 674 rebus
726 610 780 692 iis,
808 631 887 693 quas
909 631 969 674 nos
992 611 1095 675 bonas

12 731 13 778 ᾗ
62 695 239 777 edicimus,
267 697 438 775 concessit,
465 700 502 760 ut
528 697 726 761 haberentur
753 697 973 762 aestimabiles
1001 699 1097 762 etad

12 781 13 822 ³
87 786 238 848 naturam
278 783 557 869 accommodatae,
597 784 756 870 faterique
799 785 906 870 coepit
948 787 1098 870 sapienti,

86 871 149 936 hoo
172 874 222 934 est
249 893 372 936 summe
400 872 511 956 beato,
539 873 736 938 commodius
759 877 871 938 tamen
893 895 977 958 esso,
1005 875 1033 938 si
1057 895 1096 939 ea

87 979 212 1042 quoque
240 958 372 1042 habeat,
399 981 481 1043 quae
509 961 596 1026 bona
622 981 689 1025 non
717 961 813 1025 audet
836 961 1013 1046 appellare,
1041 984 1096 1026 na·

86 1051 178 1110 turae
197 1048 441 1112 accommodata
464 1069 534 1112 esse
553 1049 715 1132 concedit,
737 1052 897 1133 negatque
915 1050 1096 1133 Platonem,

50 1161 74 1200 ιο
88 1135 115 1198 si
134 1135 263 1218 sapiens
279 1157 347 1200 non
365 1137 418 1214 sit,
441 1136 554 1200 eadem
572 1158 641 1201 esse
659 1135 695 1200 in
712 1158 818 1220 causa,
838 1158 901 1221 qua
919 1141 1095 1221 tyrannum

86 1220 294 1306 Dionysium3
316 1223 392 1288 huie
415 1225 498 1289 mori
521 1224 679 1308 optimum
702 1245 771 1288 esse
794 1229 928 1310 propter
946 1226 1094 1309 despera·

87 1311 208 1376 tionem
236 1311 429 1396 sapientiae,
456 1312 506 1376 illi
533 1315 666 1396 propter
695 1334 788 1396 spem
815 1314 935 1396 vivere3
963 1317 1095 1397 peccata

87 1401 195 1462 autem
225 1400 345 1482 partim
378 1421 449 1464 esse
479 1399 679 1483 tolerabilia,
711 1401 832 1484 partim
864 1402 954 1466 nullo
988 1402 1094 1484 modo,

86 1489 259 1570 propterea
291 1486 375 1571 quod
408 1487 473 1552 alia
503 1491 637 1570 peccata
669 1488 793 1572 plures,
824 1487 889 1552 alia
925 1489 1094 1571 pauciores

48 1600 72 1640 15
86 1574 179 1657 quasi
214 1597 364 1640 numeros
401 1575 501 1640 officii
537 1576 765 1660 praeterirent3
802 1575 868 1639 iarn
904 1577 1094 1659 insipientes

86 1663 169 1727 alios
196 1663 244 1727 ita
270 1684 353 1745 esse,
379 1666 416 1727 ut
437 1664 527 1727 nullo
550 1663 645 1728 modo
675 1663 715 1728 ad
739 1663 933 1746 sapientiam
960 1668 1095 1746 possent

85 1751 264 1834 pervenire,
282 1751 374 1834 alios,
392 1751 449 1835 qui
467 1755 609 1834 possent,
630 1750 658 1815 si
676 1749 709 1814 id
727 1751 881 1835 egissent,
900 1750 1093 1834 sapientiam

86 1839 248 1922 consequi.
292 1837 355 1903 Hic
377 1839 570 1923 loquebatur
592 1839 685 1903 aliter
711 1842 807 1922 atque
831 1859 957 1921 omnes,
980 1839 1094 1903 sentie-
1114 1852 1148 1900 5⁵1

85 1927 144 1991 bat
166 1927 264 2010 idem,
287 1926 372 2011 quod
396 1927 504 1991 ceteri.
545 1925 613 1992 Nec
635 1947 710 1991 vero
734 1926 869 1991 minoris
892 1926 1095 1992 aestimanda

46 2041 71 2080 20
86 2013 224 2079 ducebat
246 2036 297 2096 ea,
324 2035 406 2098 quae
433 2015 504 2098 ipse
530 2015 616 2079 bona
642 2017 777 2100 negaret
803 2036 887 2099 esse,
911 2037 1006 2098 quam
1036 2016 1096 2099 illi,

85 2103 141 2188 qui
168 2123 206 2167 ca
232 2102 319 2167 bona
346 2123 417 2166 esse
445 2102 603 2167 dicebant.
654 2102 739 2178 Quid
766 2103 868 2187 igitur
895 2102 1000 2168 uoluit
1023 2104 1095 2186 sibi,
1189 2166 1194 2170 .

85 2191 141 2275 qui
168 2190 225 2254 illa
251 2190 446 2254 mutaverit?
496 2188 618 2255 Saltem
642 2190 764 2275 aliquid
796 2190 835 2255 de
866 2191 1008 2274 pondere
1041 2191 1095 2255 de-

83 2279 240 2343 traxisset
272 2281 305 2342 et
342 2277 439 2361 paulo
474 2278 608 2343 minoris
647 2279 886 2342 aestimavisset
921 2300 960 2343 ea
996 2300 1094 2362 quarn

84 2366 304 2452 Peripatetici,
323 2370 360 2430 ut
379 2366 497 2430 sentire
517 2387 643 2450 quoque
662 2365 762 2448 aliud,
779 2387 847 2430 non
866 2367 972 2430 solum
990 2366 1096 2429 dicere

45 2481 69 2522 as
84 2455 257 2520 videretur.
302 2453 409 2529 Quid?
433 2453 472 2519 de
495 2454 566 2536 ipsa
584 2454 682 2517 beata
699 2453 780 2535 vita,
804 2453 964 2537 adquam
987 2453 1097 2518 omnia

84 2539 282 2625 referuntur,
305 2563 386 2625 quae
410 2541 538 2606 dicitis?
576 2540 714 2625 Negatis
738 2561 809 2604 eam
833 2561 916 2624 esse,
939 2560 1021 2624 quae
1045 2561 1096 2604 ex·

84 2631 175 2715 pleta
203 2631 247 2695 sit
278 2629 319 2694 iis
347 2630 443 2694 rebus
472 2628 635 2712 omnibus,
667 2649 747 2712 quas
778 2631 896 2692 natura
927 2627 1097 2712 desideret,

84 2723 253 2803 totamque
277 2739 348 2782 eam
370 2718 405 2781 in
428 2738 492 2782 una
513 2717 633 2781 virtute
664 2715 799 2800 ponitis3
827 2737 962 2800 cumque
990 2717 1097 2781 omnis

86 2806 308 2872 controversia
340 2808 396 2870 aut
428 2805 467 2869 de
498 2826 533 2868 re
565 2805 669 2870 soleat
701 2807 757 2870 aut
789 2804 827 2869 de
858 2805 987 2869 nomine
1016 2825 1097 2888 esse,

45 2919 71 2960 ro
85 2899 222 2978 utraque
259 2915 368 2958 earum
403 2893 562 2975 nascitur,
602 2893 629 2956 si
669 2895 725 2957 aut
755 2913 807 2957 res
839 2892 1008 2976 ignoratur
1040 2895 1097 2956 aut

85 2985 211 3048 erratur
238 2982 273 3045 in
299 2979 439 3046 nomine.
493 2979 636 3056 Quorum
665 2980 694 3044 si
720 2983 872 3044 neutrum
904 2984 966 3063 cst,
998 3001 1097 3063 opera

85 3070 191 3136 danda
223 3073 286 3153 est,
318 3071 355 3134 ut
387 3068 494 3133 verbis
526 3070 656 3132 utamur
687 3089 785 3151 quam
813 3067 1033 3132 usitatissimis
1064 3067 1097 3130 et

85 3179 183 3244 quam
206 3157 346 3222 maxime
370 3157 467 3240 aptis,
495 3155 529 3220 id
552 3159 602 3221 est
623 3177 691 3220 rem
715 3156 963 3220 declarantibus.
1008 3152 1096 3218 Num
1115 3165 1151 3216 58

83 3247 190 3332 igitur
212 3244 346 3309 dubium
370 3247 433 3327 est,
462 3243 554 3327 quin,
582 3242 611 3306 si
633 3243 669 3307 in
689 3265 724 3306 re
747 3244 819 3327 ipsa
841 3242 923 3307 nihil
945 3245 1098 3325 peccatur

46 3357 104 3400 aaa
129 3333 364 3417 superioribus,
387 3331 493 3396 verbis
516 3331 567 3395 illi
587 3331 784 3396 commodius
808 3330 962 3395 utantur?
998 3327 1096 3393 Vide-

84 3445 177 3488 amus
196 3420 296 3505 igitur
315 3418 490 3485 sententias
511 3439 635 3500 eornm,
657 3422 727 3483 tum
746 3417 786 3482 ad
804 3417 904 3482 verba
917 3415 1093 3482 redeamus.

150 3509 273 3574 Dicunt
305 3506 537 3591 appetitionem
570 3506 669 3570 animi
700 3505 834 3587 moveri,
865 3525 939 3569 oum
972 3503 1093 3588 aliquid
1106 3507 1148 3572 21
