2502 3960
285 167 355 222 ΜΒ.
373 166 409 222 11.
438 165 515 224 cAP.
534 171 648 222 ar-ae.
677 171 691 232 ς
711 171 859 222 111-116.
1044 166 1084 230 71
1202 147 1206 156 ’

15 291 21 398 i
76 351 175 414 ponas
213 327 422 412 disciplinam
458 328 651 412 sapientiae,
690 330 842 393 naturam
877 349 983 394 rernm
1020 349 1086 392 om·

15 417 17 496 l
75 419 163 483 nium
185 417 336 500 evolvas,
360 431 466 481 mores
489 418 608 501 fingas,
630 417 710 482 fines
733 416 891 480 bonorum
913 415 1085 480 malorum·

15 499 16 512 ¹
76 529 134 591 que
149 505 344 583 constituas,
367 505 476 570 officia
497 504 661 588 discribas,
684 526 779 588 quam
794 504 894 568 vitam
915 502 1087 587 ingrediar,

76 595 209 660 definias
233 593 385 678 idemque
405 593 503 658 etiam
521 592 709 677 disputandi
722 595 755 656 et
773 591 983 676 intellegendi
1005 591 1086 656 iudi·

15 763 16 768 ἵ
53 684 159 748 scium
189 681 280 746 dicas
307 686 341 745 te
364 685 398 746 et
420 681 592 746 artificium
620 680 828 765 traditurum,
859 679 1018 764 perficies,
1050 682 1088 744 ut

77 791 135 856 ego
166 771 235 834 ista
269 769 519 834 innumerabilia
549 770 762 852 complectens
795 789 955 853 nusquam
985 767 1087 850 labar,

76 859 158 924 nihil
178 857 318 942 opiner?
343 857 432 934 Quae
453 857 585 922 tandem
604 879 642 922 ea
661 861 710 922 est
727 856 910 941 disciplina,
933 855 1087 940 adquam

77 970 125 1012 me
149 947 302 1032 deducas,
325 945 353 1010 si
377 947 418 1011 ab
439 947 502 1011 hac
525 945 745 1011 abstraxeris?
767 967 890 1027 vereor,
912 966 952 1010 ne
971 943 1087 1010 subad-

77 1038 233 1120 roganter
255 1034 373 1117 facias,
405 1034 433 1099 si
465 1034 582 1100 dixeris
605 1038 708 1118 tuam3
739 1034 830 1118 atqui
852 1034 901 1098 ita
923 1033 1010 1098 dicas
1033 1052 1087 1098 ne·

47 1151 67 1189 ιο
78 1146 163 1190 cesse
187 1126 248 1188 est.
280 1121 393 1207 Neque
415 1145 492 1188 vero
514 1127 550 1188 tu
574 1123 672 1205 solus,
695 1122 752 1186 sed
774 1121 815 1187 ad
839 1143 930 1187 suam
952 1121 1087 1205 quisque

78 1214 194 1297 rapiet.
243 1210 331 1295 Age,
360 1212 511 1276 restitero
539 1211 779 1295 Peripateticis,
811 1211 865 1295 qui
896 1209 960 1275 sibi
992 1231 1065 1274 oum
1090 1225 1140 1276 11⁶

79 1300 264 1366 oratoribus
297 1300 523 1384 cognationem
550 1321 635 1381 esse,
667 1299 722 1383 qui
754 1299 857 1364 claros
892 1298 977 1364 viros
1006 1319 1026 1363 a
1053 1317 1087 1362 se

79 1391 254 1454 inemuctos
285 1387 392 1454 dicant
418 1409 486 1452 rem
515 1387 679 1472 publicam
703 1408 798 1470 saepo
825 1387 959 1469 rexisse,
990 1386 1088 1451 susti-

79 1500 175 1544 nuero
194 1475 384 1560 Epicureos,
405 1479 457 1541 tot
474 1497 563 1542 meos
585 1475 773 1559 familiares,
793 1478 862 1540 tam
884 1474 997 1556 bonos,
1019 1478 1088 1538 tam

49 1567 163 1631 ainter
187 1587 223 1630 ae
246 1567 393 1629 amantes
416 1565 518 1648 viros,
546 1562 688 1630 Diodoto
711 1563 788 1648 qnid
815 1563 933 1628 faciam
957 1560 1088 1626 Stoico?

15 1723 16 1736 q
81 1676 174 1739 quem
198 1674 219 1718 a
241 1673 342 1736 puero
366 1653 484 1738 audivi,
507 1653 562 1739 qui
583 1673 708 1717 mecum
726 1652 809 1717 vivit
830 1654 881 1716 tot
904 1671 1014 1731 annos,
1033 1650 1088 1733 qui

81 1743 209 1807 habitat
231 1741 317 1825 apud
341 1762 401 1826 me,
424 1763 519 1826 quem
542 1745 575 1806 et
598 1741 740 1806 admiror
764 1743 796 1805 et
818 1739 927 1823 diligo,
951 1738 1006 1822 qui
1024 1737 1089 1802 ista

82 1829 263 1895 Antiochea
286 1831 472 1894 contemnit.
504 1827 636 1911 Nostra,
657 1829 792 1913 inquies,
815 1827 885 1892 sola
906 1846 983 1890 vera
1006 1828 1089 1890 sunt.

84 1917 174 1984 Certe
199 1917 277 2002 sola,
301 1918 330 1982 si
351 1940 439 2003 vera3
463 1919 556 2000 plura
579 1918 665 1983 enim
687 1939 764 1981 vera
785 1914 1001 1999 discrepantia
1018 1935 1089 1978 esse

52 2029 147 2072 aenon
169 2009 316 2090 possunt.
361 2005 480 2071 Utrum
502 2007 608 2091 igitur
624 2026 685 2071 nor
708 2004 920 2088 impudentes,
945 2003 999 2087 qui
1021 2002 1090 2067 labi

84 2096 241 2177 nolumus,
264 2115 307 2158 an
324 2093 374 2158 illi
393 2094 596 2178 adrogantes,
618 2095 674 2178 qui
692 2093 756 2158 sibi
777 2093 995 2176 persuaserint
1009 2092 1089 2156 scire

16 2263 17 2266 Ἴ
86 2207 117 2248 se
131 2184 219 2248 solos
234 2181 366 2247 omnia?
396 2181 430 2248 N
431 2205 473 2247 on
487 2204 538 2246 me
552 2181 689 2267 quidem,
707 2181 823 2265 inquit,
841 2180 897 2245 sed
911 2180 1089 2264 sapientem

86 2273 155 2336 dieo
178 2271 269 2336 seire.
292 2306 336 2317 -
359 2268 501 2352 Optime!
523 2291 638 2354 nempe
661 2271 727 2336 ista
749 2269 840 2353 seire,
863 2289 944 2353 quae
963 2268 1089 2333 suntin

85 2365 140 2425 tua
162 2358 341 2442 disciplina.
373 2357 445 2423 Hoc
468 2360 608 2442 primum
630 2358 724 2441 quale
743 2363 802 2441 est,
825 2378 927 2422 anon
946 2356 1089 2437 sapiente

53 2471 75 2512 ae
88 2447 238 2532 explicari
253 2445 469 2530 sapientiam?
503 2445 565 2511 Sed
579 2446 778 2511 discedamus
794 2469 813 2509 a
826 2443 987 2509 nobismet
1000 2443 1090 2526 ipsis,
1121 2459 1125 2470 ¹

88 2537 125 2600 de
138 2535 284 2619 sapiente
306 2535 486 2620 loquamur,
508 2535 548 2599 de
570 2556 644 2619 quo,
666 2537 704 2598 ut
721 2555 817 2617 saepe
839 2532 904 2596 iam
928 2529 1003 2613 dixi,
1025 2552 1090 2595 om-

88 2624 136 2689 nis
158 2623 239 2688 haee
262 2623 409 2708 quaestio
434 2625 491 2688 est.

150 2711 188 2776 In
218 2715 286 2775 tres
322 2712 424 2794 igitur
453 2713 562 2795 partes
594 2713 628 2776 et
658 2733 677 2776 a
707 2710 868 2796 plerisque
900 2711 933 2772 et
964 2730 984 2772 a
1014 2729 1068 2772 vo·
1092 2730 1143 2780 116

89 2801 203 2865 bismet
235 2799 315 2883 ipsis
343 2799 517 2864 distributa
544 2800 705 2884 sapientia
727 2802 785 2862 est.
830 2797 975 2862 Primum
1004 2816 1090 2880 ergo,

58 2889 116 2953 rosi
137 2888 256 2972 placet,
284 2909 365 2971 quae
392 2887 431 2952 de
457 2891 574 2953 natura
595 2909 703 2952 rerum
727 2887 793 2951 sint
820 2887 977 2970 quaesita,
1005 2883 1091 2949 vide·

92 2999 190 3061 amus3
221 2997 334 3040 verum
356 2975 437 3041 illud
460 2979 548 3041 ante:
593 2974 696 3040 Estne
724 2976 894 3060 quisquam
921 2976 1012 3038 tanto
1042 2971 1092 3035 in-

92 3065 181 3130 flatos
205 3085 327 3147 errore,
355 3067 393 3129 ut
416 3064 478 3128 sibi
502 3085 536 3129 se
563 3064 622 3129 illa
645 3063 727 3128 scire
754 3061 972 3147 persuaserit?
1017 3057 1092 3122 Non

93 3173 202 3237 quaero
226 3151 370 3217 rationes
390 3173 455 3236 eas,
477 3173 557 3236 quac
576 3174 614 3216 ex
633 3153 818 3217 coniectura
840 3149 989 3234 pendent,
1010 3167 1092 3230 quae

93 3239 359 3324 disputationibus
373 3239 436 3304 huc
450 3243 483 3304 et
500 3239 579 3306 illuc
596 3239 779 3324 trahuntur,
801 3238 924 3304 nullam
939 3235 1093 3300 adhibent

61 3353 82 3394 ae
93 3327 298 3414 persuadendi
320 3329 563 3414 necessitatem3
597 3332 780 3414 geometrae
809 3325 1014 3410 provideant,
1038 3321 1093 3406 qui

94 3439 123 3482 se
144 3417 337 3500 profitentur
358 3438 425 3480 non
446 3416 650 3502 persuadere,
673 3417 729 3482 sed
752 3435 875 3498 cogere,
898 3415 930 3477 et
953 3410 1008 3495 qui
1027 3432 1094 3477 om·

93 3506 142 3570 nia
160 3505 268 3590 vobis,
291 3525 372 3588 quae
395 3505 589 3590 describunt,
617 3505 766 3590 probant.
811 3499 887 3566 Non
915 3520 1032 3584 quaero
1056 3519 1095 3561 ex
