2564 3950
176 208 242 274 304
371 205 668 260 TUSCULANARUM
686 205 991 261 DISPUTATIONUM

177 372 217 435 ad
241 369 404 436 hominem
422 369 531 434 venire
554 369 683 451 possint
699 361 763 434 nisi
783 391 803 432 a
824 367 893 434 deo.
931 367 1115 454 Singularis
1141 375 1198 436 est
1270 441 1271 452 ἶ

176 461 275 544 igitur
302 457 460 543 quaedam
487 459 604 521 natura
632 461 728 540 atque
755 457 804 522 vis
835 457 935 520 animi
967 459 1115 523 seiuncta
1149 460 1196 524 ab

175 547 227 611 his
251 546 382 611 usitatis
403 545 555 628 notisque
577 546 713 610 naturis.
757 545 823 628 Ita,
849 545 1001 630 quicquid
1025 549 1076 610 est
1098 547 1197 631 illud,

176 635 263 722 quod
299 634 411 717 sentit,
448 634 533 716 quod
569 635 673 717 sapit,
709 633 794 718 quod
830 633 930 717 vivit,
967 634 1053 718 quod
1089 635 1196 720 viget,

176 724 314 788 caeleste
348 726 381 787 et
417 721 560 786 divinum
598 723 640 786 ob
672 743 805 806 eamque
837 743 905 786 rem
944 727 1114 787 aeternum
1147 724 1224 788 sita

176 833 306 877 necesse
333 814 392 875 est.
440 808 509 875 Nec
537 831 613 874 vero
642 810 720 874 deus
747 811 830 894 ipse,
858 811 914 894 qui
943 810 1147 894 intellegitur
1174 835 1196 877 a

176 901 283 983 nobis,
316 899 381 964 alio
414 898 511 962 modo
543 899 692 983 intellegi
723 902 834 981 potest
864 899 928 962 nisi
960 921 1051 962 mens
1083 900 1196 966 soluta

177 990 335 1073 quaedam
367 991 400 1051 et
430 987 546 1070 libera,
583 991 754 1071 segregata
785 987 826 1051 ab
859 987 948 1050 omni
984 989 1196 1053 concretione

177 1077 320 1160 mortali,
349 1076 458 1140 omnia
486 1075 627 1140 sentiens
655 1078 689 1140 et
715 1096 847 1139 movens
876 1075 1011 1160 ipsaque
1040 1075 1196 1159 praedita

124 1188 157 1236 ca
178 1170 270 1230 motu
302 1161 519 1247 sempiterno?
573 1161 645 1228 Hoc
680 1184 698 1226 1
735 1183 852 1246 genere
889 1167 985 1247 atque
1023 1164 1136 1228 eadem
1175 1187 1236 1229 em

177 1257 294 1318 natura
320 1256 371 1316 est
396 1251 537 1316 humana
566 1273 665 1316 mans.
693 1286 735 1298 -
763 1250 829 1316 Ubi
862 1251 963 1336 igitur
994 1255 1051 1316 aut
1084 1252 1194 1336 qualis

178 1344 229 1404 est
264 1341 329 1405 ista
365 1340 481 1405 mens?
519 1375 557 1384 —
599 1338 664 1404 Ubi
700 1342 759 1404 tua
794 1343 852 1404 aut
887 1341 1018 1424 qualis?
1054 1345 1194 1424 potesne

179 1428 305 1494 dicere?
334 1451 389 1508 an,
422 1427 451 1492 si
482 1428 591 1492 omnia
622 1427 663 1492 ad
694 1427 947 1512 intellegendum
977 1449 1044 1494 non
1075 1429 1195 1513 habeo,

179 1539 260 1602 quae
283 1516 403 1582 habere
421 1517 550 1600 vellem,
573 1538 614 1581 ne
636 1516 677 1580 iis
699 1515 841 1600 quidem,
865 1538 945 1600 quae
963 1517 1085 1601 habac,
1108 1518 1195 1583 mihi

177 1610 289 1690 perte
317 1607 366 1670 uti
392 1605 524 1670 licebit?
548 1641 590 1652 -—
613 1604 689 1669 Non
717 1604 804 1668 valet
830 1607 959 1668 tantum
983 1605 1125 1690 animus,
1156 1611 1195 1670 ut
1210 1629 1236 1670 rs

121 1715 137 1766 'a
178 1717 213 1759 se
240 1695 308 1778 ipse
336 1693 453 1758 videat.
483 1728 521 1740 -
550 1692 597 1757 At
625 1697 662 1757 ut
689 1693 814 1777 oculus,
842 1694 889 1758 sic
915 1693 1041 1758 animus
1066 1715 1102 1758 se
1124 1716 1194 1760 non

177 1782 290 1847 videns
319 1783 384 1846 alia
411 1781 522 1846 cernit.
552 1819 591 1829 -
619 1780 696 1846 Non
722 1781 810 1846 videt
834 1786 955 1865 autem,
985 1781 1071 1865 quod
1095 1783 1193 1848 mini-

178 1894 268 1936 mum
296 1874 360 1955 cst,
386 1869 525 1934 formam
553 1891 653 1935 suam.
680 1904 722 1916 —
752 1869 955 1953 Quamquam
985 1869 1125 1940 fortasse
1159 1871 1193 1936 id

179 1980 318 2043 quoque3
343 1958 399 2024 sed
417 1958 653 2042 relinquamus3
675 1958 741 2022 vim
760 1961 860 2041 certe,
884 1958 1106 2041 sagacitatem,
1125 1981 1193 2025 me-
1232 2020 1236 2030 ,

179 2049 333 2130 moriam,
369 2049 508 2129 motum,
546 2047 741 2110 celeritatem
778 2045 874 2110 videt.
934 2045 1024 2110 Haec
1061 2067 1233 2132 magnaeo

179 2135 259 2199 haec
281 2135 404 2216 divina,
426 2133 506 2198 haec
524 2134 721 2217 sempiterna
740 2136 824 2200 sunt.
862 2133 932 2210 Qua
954 2134 1036 2200 facie
1059 2135 1193 2219 quidem

181 2223 225 2287 sit
248 2227 305 2287 aut
325 2223 382 2286 ubi
403 2221 545 2306 habitet,
567 2243 608 2287 ne
631 2222 846 2306 quaerendum
869 2223 997 2306 quidem
1022 2226 1081 2288 est.

125 2289 169 2416 2}
246 2309 292 2376 Ut
327 2333 399 2376 cum
432 2309 578 2375 videmus
611 2311 750 2394 speciem
782 2312 922 2394 primum
954 2310 1193 2396 candoremque

130 2369 146 2416 ⁶
179 2401 273 2483 caeli,
303 2399 377 2464 dein
400 2399 620 2464 conversionis
644 2398 842 2464 celeritatem
865 2402 1005 2483 tantam,
1033 2404 1193 2484 quantam

179 2489 324 2573 cogitare
346 2509 412 2552 non
434 2509 619 2573 possumus,
649 2492 719 2552 tum
741 2487 979 2578 vicissitudines
1005 2487 1129 2552 dierum
1153 2511 1234 2554 1111

179 2577 324 2641 noctium
351 2577 681 2659 commutationesque
714 2579 895 2659 temporum
930 2575 1192 2659 quadrupertitas

181 2664 221 2729 ad
239 2664 461 2729 maturitatem
479 2664 609 2748 frugum
628 2669 661 2728 et
680 2663 720 2728 ad
738 2665 1005 2746 temperationem
1020 2686 1204 2748 corporum·

181 2757 275 2836 aptas
295 2774 467 2836 eorumque
486 2753 631 2816 omnium
650 2752 885 2816 moderatorem
905 2756 938 2816 et
958 2753 1070 2826 ducem
1089 2753 1192 2818 solem

181 2842 354 2925 lunamque
389 2841 568 2905 accretione
605 2843 638 2903 et
674 2840 893 2905 deminutione
929 2841 1060 2905 luminis
1097 2842 1193 2925 quasi

179 2929 339 2996 fastorum
380 2932 547 2994 notantem
583 2932 616 2992 et
652 2928 888 3013 significantem
929 2927 1013 3013 dies,
1049 2932 1118 2992 tum
1157 2930 1193 2996 in
1207 2952 1234 2993 11

179 3018 292 3082 eodem
325 3017 402 3082 orbe
434 3017 468 3081 in
500 3016 666 3081 duodecim
697 3021 807 3100 partes
840 3016 1014 3082 distributo
1051 3017 1194 3102 quinque

179 3107 291 3171 stellas
318 3105 395 3169 ferri
433 3105 560 3168 eosdem
594 3127 704 3170 cursus
736 3105 999 3170 constantissime
1031 3107 1194 3172 servantis

180 3195 362 3278 disparibus
390 3193 474 3256 inter
502 3215 536 3258 sc
564 3193 706 3259 motibus
734 3197 988 3277 nocturnamque
1016 3193 1097 3257 caeli
1126 3195 1194 3260 for·
1270 3257 1271 3268 ἶ

181 3305 267 3348 mam
295 3281 435 3366 undique
465 3281 621 3346 sideribus
644 3285 805 3365 ornatam,
831 3285 905 3346 tum
929 3280 1061 3366 globum
1084 3285 1194 3348 terrae

180 3372 375 3436 eminentem
406 3392 422 3435 e
452 3369 548 3453 mari,
577 3369 676 3434 fixum
705 3370 740 3434 in
769 3369 875 3434 medio
907 3369 1020 3434 mundi
1048 3370 1195 3437 universi
1210 3396 1233 3437 aa

179 3460 265 3541 loco,
293 3459 418 3524 duabus
446 3459 511 3522 oris
539 3457 734 3522 distantibus
761 3457 975 3524 habitabilem
1004 3461 1038 3522 et
1059 3457 1195 3546 cultum,
1270 3511 1271 3526 2

181 3569 316 3630 quarum
340 3547 453 3630 altera,
477 3568 573 3630 quam
596 3568 656 3612 nos
679 3546 865 3629 incolimus,
937 3611 940 3617 ,
1270 3557 1271 3570 ²
