2564 3950
161 193 226 260 268
321 193 370 248 Du
388 193 534 260 FINIBUS
551 193 731 252 BONORUM
749 193 798 248 ΕΤ
816 192 1001 252 MALORUM

160 355 208 420 ita
239 354 391 422 definitur
421 377 441 419 a
473 353 604 438 Stoicis,
640 358 677 420 ut
712 358 832 439 negent
867 355 1039 440 quicquam
1054 391 1056 396 ,
1072 377 1170 439 posse

160 443 283 527 percipi
300 443 366 510 nisi
388 443 453 508 tale
471 464 582 508 verum
588 492 597 527 ,
620 443 712 527 quale
735 442 854 510 falsum
873 463 944 510 esse
964 465 1032 510 non
1055 444 1171 526 possit

160 529 274 615 Itaque
296 531 377 596 haee
400 553 473 596 curn
495 530 561 595 illis
584 535 634 596 est
656 531 829 614 dissensio,
851 551 923 596 cum
941 529 1170 613 Peripateticis

160 619 251 684 nulla
283 640 368 686 sane.
423 617 486 684 Sed
517 619 598 684 haee
630 618 832 702 omittamus3
863 618 986 684 habent
1018 618 1105 686 enim
1137 623 1171 684 et

108 725 141 773 vv
160 707 242 772 bene
264 707 397 791 longam
420 710 452 771 et
475 706 555 774 setis
578 706 757 791 litigiosam
780 705 1042 790 disputationem.
1082 706 1197 772 llluda

161 795 241 860 mihi
264 816 283 859 a
304 798 338 860 te
359 794 496 860 nimium
518 793 710 864 festinanter
732 793 853 860 dictum
876 793 1016 878 videtur,
1042 795 1170 878 sapien·

160 883 203 948 tis
240 883 344 948 omnis
388 903 458 950 esse
487 903 628 966 semper
664 883 791 964 beatos3
827 881 937 950 neseio
973 903 1037 966 quo
1073 882 1171 948 modo

160 970 413 1054 praetervolavit
443 971 557 1036 oratio.
612 970 706 1047 Quod
733 971 799 1036 nisi
829 971 878 1037 ita
905 969 1058 1051 efficitur,
1087 991 1171 1054 quae

160 1058 405 1143 Theophrastus
428 1058 467 1122 de
489 1058 635 1142 fortune,
657 1058 695 1122 de
719 1058 842 1136 dolore,
872 1058 911 1122 de
934 1058 1079 1124 cruciatu
1102 1079 1170 1124 cor·

160 1147 249 1229 poris
273 1145 369 1228 dixit,
391 1167 465 1212 cum
487 1147 605 1229 quibus
628 1146 781 1231 coniungi
798 1146 901 1212 vitam
924 1147 1053 1213 beatam
1076 1145 1169 1211 nullo
1186 1174 1210 1212 a
1268 1197 1272 1224 ,2

161 1231 257 1298 modo
280 1255 376 1316 posse
398 1235 539 1316 putavit,
562 1255 687 1316 vereor,
708 1256 750 1300 ne
773 1255 851 1300 vere
869 1234 943 1300 sint
977 1233 1065 1300 Nam
1087 1234 1170 1300 illud

160 1319 367 1386 vehementer
388 1325 562 1406 repugnat,
586 1322 721 1389 eundem
743 1320 875 1388 beatum
903 1343 973 1388 esse
998 1326 1032 1387 ct
1054 1319 1169 1390 multis

161 1408 255 1474 malis
287 1430 486 1493 oppressum.
536 1407 716 1494 Haecque
744 1409 840 1477 modo
868 1410 1074 1494 conveniant,
1101 1431 1171 1476 uon
1271 1407 1272 1482 i

161 1519 239 1564 sane
261 1497 423 1580 intellego.
462 1496 581 1562 Utrum
603 1498 705 1582 igitur
727 1497 802 1581 tibi,
824 1499 944 1582 iuquit,
965 1520 1032 1566 non
1053 1498 1171 1582 placet,
1271 1483 1272 1508 ¹

160 1585 329 1651 virtutisne
353 1606 424 1652 esso
446 1589 574 1650 tantam
597 1585 676 1669 vim,
699 1590 736 1652 ut
759 1585 800 1651 ad
823 1587 916 1652 beate
941 1585 1111 1652 vivendum
1133 1606 1169 1650 se
1184 1610 1209 1650 ιε

160 1673 234 1757 ipsa
261 1675 415 1738 contenta
442 1673 508 1738 sit?
537 1695 591 1755 an,
619 1674 647 1738 si
673 1673 709 1739 id
733 1672 868 1757 probas,
899 1673 970 1742 fieri
998 1674 1048 1739 ita
1072 1695 1171 1757 posse

160 1781 275 1845 negas,
302 1766 339 1826 ut
365 1761 402 1842 ii,
429 1761 485 1845 qui
511 1763 643 1826 virtutis
672 1765 837 1844 compotes
865 1760 945 1845 sint,
972 1761 1072 1828 etiam
1100 1763 1171 1846 qui·

161 1848 296 1916 busdam
330 1849 426 1914 malis
454 1849 561 1916 affecti
593 1849 683 1914 beati
709 1849 797 1914 sint?
819 1885 863 1896 -—
885 1849 957 1934 Ego
986 1870 1062 1914 vero
1094 1849 1169 1915 volo

161 1936 195 2002 in
222 1937 340 2002 virtute
367 1937 433 2002 vim
461 1958 531 2003 esse
558 1959 655 2021 quam
678 1937 866 2021 maximam3
894 1936 949 2002 sed
973 1938 1096 2021 quanta
1118 1938 1171 2020 sit,
1271 1937 1272 1947 ’

161 2023 256 2106 alias,
278 2044 363 2088 nunc
384 2027 525 2107 tanturn,
547 2025 692 2108 possitne
720 2046 790 2090 esse
812 2028 917 2108 tenta,
947 2026 976 2090 si
997 2025 1169 2109 quiequam
1184 2051 1210 2090 ro

108 2114 253 2180 vesstra
274 2110 428 2176 virtutem
454 2110 615 2178 habeatur
641 2113 805 2178 inbonis.
850 2111 965 2197 Atqui,
995 2113 1118 2196 inquit,
1140 2114 1170 2178 si

161 2196 279 2263 Stoicis
298 2198 458 2281 concedis,
475 2202 513 2264 ut
530 2200 634 2266 virtus
654 2200 737 2283 sola,
760 2202 788 2266 si
808 2200 906 2284 adsit,
928 2201 1031 2284 vitam
1049 2199 1170 2265 efficiat

160 2285 300 2370 beatam,
318 2285 464 2352 concedis
484 2287 584 2352 etiam
600 2288 833 2372 Peripateticis.
868 2288 958 2365 Quae
977 2288 1062 2354 enim
1081 2288 1170 2354 mala

29 2384 31 2388 ’
160 2373 210 2440 illi
227 2374 626 2460 ncuaudentappellare,
649 2381 892 2460 aspernantem
911 2380 945 2440 et
964 2376 1170 2442 incommoda
1269 2401 1270 2456 ς

161 2466 194 2527 ct
216 2461 377 2528 reicienda
399 2465 432 2528 et
454 2463 560 2528 aliena
581 2469 717 2529 naturae
741 2485 811 2529 esse
834 2463 1024 2548 concedunt,
1047 2485 1085 2528 ea
1108 2485 1208 2530 nossa
1269 2459 1270 2511 t

160 2551 248 2616 mala
275 2550 425 2634 dicimus,
453 2551 508 2616 sed
536 2552 653 2635 exigua
681 2555 715 2616 et
741 2573 843 2635 paene
872 2552 1015 2620 minima.
1061 2552 1169 2629 Quare

161 2637 189 2702 si
211 2641 413 2722 potestesse
436 2639 550 2706 beatus
573 2639 616 2719 is,
639 2641 695 2724 qui
718 2643 768 2704 est
789 2642 825 2704 in
843 2641 967 2723 asperis
984 2639 1170 2705 reiciendis·

161 2745 223 2808 que
249 2724 359 2806 rebus,
386 2730 496 2809 potest
522 2727 550 2792 is
578 2748 704 2812 quoquc
728 2749 812 2811 esse,
840 2729 896 2811 qui
925 2732 976 2792 est
1001 2727 1036 2792 in
1057 2729 1169 2811 parvis
1268 2763 1269 2793 ι

160 2811 266 2878 malis.
311 2811 357 2878 Et
379 2833 453 2897 ego:
480 2813 569 2897 Piso,
592 2815 742 2899 inquam,
769 2816 798 2881 si
825 2820 876 2886 est
898 2816 1083 2900 quisquam,
1113 2816 1170 2900 qui

161 2904 254 2965 acute
275 2900 312 2966 in
334 2901 440 2966 causis
462 2902 571 2968 videre
595 2903 711 2986 soleat,
739 2925 822 2986 quae
848 2925 900 2968 res
923 2908 1053 2987 agatur,
1081 2903 1116 2968 is.
1134 2925 1209 2969 esso

160 2987 306 3072 profecto
335 2992 381 3054 tu.
437 2988 543 3065 Quare
578 2990 721 3072 attende,
754 3013 882 3075 qumeso.
935 2990 1023 3056 Nam
1055 2989 1170 3074 adhuc,
1267 3029 1268 3075 p

160 3097 233 3142 meo
256 3076 396 3142 fortasse
419 3077 513 3160 vitio,
535 3077 612 3161 quid
634 3099 694 3163 ego
719 3099 885 3162 quaeram,
911 3100 978 3144 non
1004 3078 1170 3162 perspicis.

159 3162 238 3228 Istic
274 3185 359 3247 sum,
395 3165 516 3249 inquit,
551 3170 778 3250 exspectoque,
809 3167 886 3251 quid
922 3166 963 3232 ad
998 3165 1047 3248 id,
1084 3166 1170 3250 quod

160 3251 366 3334 quaerebam,
388 3253 593 3335 respondeas.

125 3391 141 3440 9
227 3338 440 3422 Respondebo
468 3359 520 3404 ms
533 3341 613 3404 ‘non
640 3362 805 3424 quaerere,
834 3342 982 3426 inquam,
1003 3341 1067 3408 hoc
1089 3346 1169 3406 tenr-
1183 3367 1208 3407 ss
1265 3421 1266 3426 γ

159 3443 253 3506 pore,
275 3423 353 3508 quid
375 3425 479 3490 virtus
503 3423 629 3495 efficere
650 3429 770 3511 possit,
798 3428 855 3494 scd
882 3429 958 3513 quid
982 3433 1170 3494 constanter
1265 3445 1266 3462 ³

160 3508 298 3594 dicatur,
330 3511 407 3594 quid
438 3511 546 3595 ipsum
578 3535 597 3578 a
629 3535 663 3577 se
695 3514 874 3582 dissentiat.
933 3515 1018 3594 Quo,
1054 3516 1169 3600 inquit,

107 3391 121 3439 7
