2538 3956
285 221 287 226 '
333 209 401 264 LIB,
420 209 453 263 V.
482 208 558 265 CAP.
578 215 700 265 29—31.
731 214 886 276 §ss—88.
1051 209 1122 274 455

107 364 235 456 Stoicis,
253 393 387 457 quorum
408 371 487 436 satis
506 371 617 436 videor
636 371 816 436 defendisse
836 372 1036 436 sententiam.
1072 369 1117 436 Et

106 457 396 544 Peripateticorum
429 459 555 544 quidem
588 459 748 544 explicata
780 481 878 525 causa
908 464 958 524 est
988 461 1118 544 praeter

106 546 382 633 Theophrastum,
406 552 439 612 et
462 547 490 612 si
513 548 568 631 qui
589 549 680 612 illurn
704 548 806 614 secuti
828 547 1019 612 imbecillius
1042 547 1116 612 hora

106 639 183 700 rent
212 636 356 702 dolorem
388 639 421 701 et
451 635 676 719 reformidant3
712 637 844 721 reliquis
877 635 1006 721 quidem
1042 636 1118 700 lieet

77 723 216 790 efacere
232 725 278 808 id,
302 725 387 809 quod
405 724 471 788 fere
488 724 626 807 faciunt,
644 728 682 788 ut
699 725 894 809 gravitatem
912 723 1117 808 dignitatem·

108 831 171 896 que
198 813 329 878 virtutis
358 816 560 898 exaggerent.
613 811 715 888 Quam
744 834 816 878 cum
843 813 884 876 ad
912 812 1035 877 caelum
1065 818 1116 876 ex'·

107 899 267 984 tulerunt,
294 900 379 984 quod
401 901 506 966 facere
529 902 714 985 eloquentes
744 900 891 966 homines
915 901 1044 984 copiose
1068 921 1117 965 so-

107 988 191 1070 lent,
218 989 341 1073 reliqua
359 1011 403 1054 ex
425 989 607 1054 conlatione
635 988 729 1053 facile
757 992 807 1054 est
835 991 998 1054 conterere
1022 991 1117 1074 atque

108 1079 323 1142 contemnere.
367 1076 435 1143 Nec
459 1077 546 1141 enirn
568 1077 646 1142 licet
667 1077 720 1160 iis,
745 1077 799 1160 qui
821 1076 948 1141 laudem
968 1099 1040 1141 eum
1063 1077 1117 1141 do-

61 1164 178 1231 rolore
210 1165 381 1248 petendam
409 1186 478 1230 esse
507 1165 629 1249 dicant,
659 1164 778 1250 negare
806 1186 860 1230 eos
894 1186 964 1230 esse
995 1165 1118 1247 beatos,

11 1291 19 1338 ,⁵
107 1253 165 1336 qui
187 1252 277 1318 illam
301 1253 410 1338 adepti
434 1258 517 1319 sunt.
563 1253 764 1338 Quamquam
787 1253 874 1318 eninr
902 1253 968 1317 sint
994 1255 1029 1318 in
1052 1254 1119 1337 qui·

106 1341 246 1405 busdam
270 1343 378 1426 malis,
405 1345 515 1406 tamen
537 1342 599 1407 hoc
621 1363 739 1408 nornen
761 1342 849 1406 beati
878 1341 974 1427 longe
998 1345 1031 1406 et
1052 1343 1118 1407 late
1222 1351 1226 1360 '

107 1433 168 1512 pat
188 1433 211 1494 t.

175 1516 262 1582 Nam
292 1521 330 1582 ut
361 1522 554 1602 quaestuosa
586 1521 781 1602 mercatura,
815 1517 980 1582 fructuosa
1013 1517 1116 1584 aratio
1128 1478 1170 1604 {li

65 1605 240 1689 iudicitur,
271 1627 338 1670 non
370 1607 399 1671 si
430 1607 534 1671 altera
565 1627 692 1690 semper
723 1606 812 1671 omni
849 1605 980 1688 damno,
1016 1605 1119 1670 altera

11 1693 15 1725 ²
109 1694 199 1758 omni
235 1695 439 1778 tempestatis
476 1694 660 1760 calamitate
696 1707 822 1777 semper
859 1697 967 1775 vacat,
1003 1693 1059 1757 sed
1091 1695 1118 1758 si

108 1781 213 1848 multo
237 1783 358 1848 maiore
380 1805 419 1849 ex
441 1785 533 1866 parte
555 1785 662 1846 exstat
684 1783 719 1846 in
742 1785 878 1865 utraque
901 1781 1049 1864 felicitas,
1073 1783 1119 1846 sic

41 1888 45 1896 ·
107 1870 177 1934 vita
203 1892 269 1935 non
297 1870 402 1935 solum
429 1872 458 1936 si
485 1870 625 1954 undique
652 1869 773 1934 referta
800 1869 894 1933 bonis
919 1872 981 1952 est,
1003 1867 1065 1932 'sed
1090 1870 1118 1934 si
1182 1919 1186 1927 a

108 1958 212 2024 multo
239 1959 362 2024 maiore
386 1962 418 2023 et
446 1959 595 2044 graviore
618 1979 656 2022 ex
679 1961 772 2041 parte
799 1957 885 2022 bona
909 1957 1118 2041 propendent,

67 2073 95 2112 ao
109 2045 206 2110 beata
225 2051 311 2111 recte
329 2046 392 2111 dici
409 2049 525 2130 potest.
563 2043 720 2130 Sequetur
738 2046 840 2130 igitur
858 2045 973 2110 horum
992 2047 1117 2110 ratione
1136 2065 1170 2116 87

11 2203 13 2208 ,
108 2134 161 2198 rel
191 2133 246 2198 ad·
264 2134 458 2219 supplicium
489 2135 585 2199 beata
620 2135 689 2199 vita
707 2135 873 2198 uirtutem
908 2155 1043 2218 cumque
1080 2155 1119 2198 ea

110 2221 280 2287 descendet
297 2224 331 2304 in
349 2219 480 2288 taurum
498 2221 692 2306 Aristotele,
714 2221 907 2305 Xenocrate,
929 2220 1118 2307 Speusippo,
1172 2263 1174 2266 -

108 2310 284 2376 Polemone
321 2311 505 2376 auctoribus
542 2333 601 2376 nec
627 2332 709 2375 neam
743 2311 852 2394 minis,
888 2310 1117 2375 blandimentis

109 2404 263 2482 corrupta
285 2399 419 2464 deseret.
455 2397 579 2464 Eadem
598 2396 815 2481 Calliphontis
838 2398 901 2462 erit
920 2397 1117 2483 Diodorique

70 2512 96 2552 as
110 2487 280 2571 sententia,
299 2509 436 2572 quorum
455 2491 589 2572 uterquc
606 2487 810 2552 honestatem
825 2487 871 2550 sic
885 2485 1118 2570 complectitur,

109 2579 147 2640 ut
177 2576 299 2659 omnia,
332 2597 413 2660 quae
446 2577 514 2640 sine
547 2597 585 2640 ea
618 2575 695 2658 sint,
726 2574 823 2660 longe
853 2578 939 2641 retro
969 2575 1118 2658 ponenda

110 2667 246 2728 censeat
298 2663 428 2747 Reliqui
455 2663 574 2728 habere
602 2685 636 2727 se
663 2663 820 2728 ridentur·
835 2663 1017 2747 angustius,
1045 2683 1117 2727 ena-

109 2753 182 2815 tant
208 2755 331 2836 tamen,
362 2747 537 2835 Epicurus,
568 2750 800 2836 Hieronymus,
830 2754 863 2814 et
890 2750 918 2815 si
950 2752 1005 2834 qui
1033 2757 1117 2834 sunt,

109 2838 164 2922 qui
205 2839 367 2905 desertum
406 2839 487 2904 illud
528 2838 745 2905 Carneadeum
787 2842 899 2904 curent
940 2838 1117 2904 defendere.

71 2953 97 2993 ao
109 2925 213 2992 Nemo
241 2933 292 2993 est
314 2928 400 2993 enim
422 2949 546 3012 eorum,
574 2927 652 3012 quin
678 2927 837 2992 bonorum
861 2927 1003 2992 animum
1026 2931 1118 3010 putet

111 3035 180 3080 esse
201 3015 340 3082 iudicem
363 3037 499 3100 eumque
522 3015 773 3099 condocefaoiat,
795 3019 833 3080 ut
855 3037 906 3098 ea,
930 3037 1010 3100 quae
1033 3015 1118 3080 bona

110 3103 235 3168 malave
258 3104 442 3187 videantur,
463 3104 569 3188 possit
590 3106 803 3169 contemnere.
843 3101 929 3167 Nam
952 3124 1033 3187 quae
1055 3103 1117 3167 tibi
1135 3123 1170 3174 88

109 3191 242 3275 Epicuri
268 3193 409 3277 videtur,
438 3192 550 3256 eadem
578 3192 640 3257 erit
666 3191 855 3275 Hieronymi
884 3194 916 3254 et
943 3189 1116 3255 Carneadis

110 3300 207 3344 causa
221 3283 254 3344 et
271 3280 401 3346 hercule
416 3281 560 3345 omnium
575 3280 779 3363 reliquorum.
810 3278 887 3355 Quis
903 3279 988 3342 enim
1001 3301 1117 3362 parum
1239 3323 1240 3326 =

72 3392 96 3434 ao
110 3371 158 3432 est
185 3371 297 3433 contra
323 3370 462 3434 mortem
491 3373 548 3433 aut
575 3367 718 3433 dolorem
743 3366 899 3451 paratus?
944 3365 1118 3432 Ordiamur
1234 3393 1257 3440 ψ

111 3455 150 3519 ab
183 3477 235 3539 eo,
267 3457 295 3520 si
326 3459 447 3542 placet,
479 3477 573 3542 quem
600 3456 745 3542 mollem,
774 3477 868 3540 quom
898 3451 1116 3538 voluptarium
1219 3471 1221 3476 ·
1256 3493 1257 3500 1

110 3541 252 3610 dicimus.
