2552 3966
150 203 191 267 38
415 199 709 256 ACADEMICORUM
726 199 893 254 PRIORUM

147 367 295 448 interest,
323 364 500 449 aequaliter
525 363 679 429 'omnibus
708 364 886 448 abrogatur
912 363 1004 446 fides3
1032 362 1162 446 deinde,

148 477 221 520 cum
253 453 361 518 dicant
388 474 483 538 posse
511 452 653 518 accidere
682 452 834 535 sapienti,
863 454 913 534 ut,
946 473 1021 516 cum
1049 451 1163 515 omnia

147 543 261 608 fecerit
293 541 604 628 diligentissimeque
631 540 910 623 circumspexerit,
939 540 1075 604 exsistat
1104 539 1161 604 ali·

148 631 233 716 quid,
257 631 342 715 quod
361 634 393 694 11
415 630 484 695 veri
505 630 612 694 simile
634 629 782 694 videatur
805 632 838 693 et
860 629 946 693 absit
968 628 1162 712 longissime
1261 673 1263 678 ,

148 742 167 784 a
186 741 272 803 vero,
289 740 327 784 ne
346 719 374 783 si
393 739 546 804 magnam
563 719 691 802 partem
709 717 849 802 quidem,
866 720 903 780 ut
920 717 1026 781 solent
1045 716 1189 800 1111111

148 807 189 873 ad
206 829 318 873 verum
336 808 445 891 ipsum
464 809 521 872 aut
539 829 635 891 quam
654 805 800 890 proxime
819 804 980 888 accedant,
1000 805 1162 870 confidere

103 904 107 910 '
148 897 210 962 sibi
249 898 410 980 poterunt.
460 893 507 960 Ut
538 895 625 959 enim
656 893 837 977 confidant,
869 897 983 959 notum
1014 894 1056 958 iis
1090 915 1163 958 esse

147 986 278 1050 debebit
304 985 431 1069 insigne
458 984 541 1067 veri,
569 1006 632 1067 quo
660 983 797 1048 obscuro
826 986 858 1046 11
885 1003 1041 1066 oppresso
1075 982 1163 1066 quod

148 1073 279 1138 tandem
296 1095 410 1138 verum
428 1073 491 1136 sibi
509 1072 702 1137 uidebuntur
724 1071 907 1156 attingere?
944 1069 1029 1148 Quid
1051 1074 1163 1135 autem

148 1170 216 1227 tam
248 1161 385 1226 absurde
418 1160 482 1225 dici
514 1162 634 1243 potest,
665 1181 763 1244 quam
792 1181 864 1224 cum
896 1159 944 1224 ita
971 1159 1162 1243 loquuntur:
1178 1191 1202 1229 11

149 1249 313 1315 <11111111
341 1249 470 1333 quidem
496 1248 585 1312 illius
612 1249 659 1312 rei
682 1248 811 1333 signum
841 1250 898 1311 aut
924 1253 1163 1332 argumentum,

149 1342 182 1404 et
199 1360 239 1402 ea
260 1358 295 1401 re
318 1338 352 1402 id
371 1359 495 1422 sequor,
519 1337 575 1401 sed
592 1335 665 1402 fieri
687 1340 807 1419 potest,
829 1339 866 1401 ut
887 1336 930 1419 id,
953 1336 1038 1420 quod
1058 1336 1162 1422 signi-

148 1428 273 1508 ficatur,
297 1430 353 1490 aut
374 1425 493 1490 falsum
521 1426 565 1490 sit
592 1427 648 1489 aut
674 1425 755 1488 nihil
780 1425 824 1488 sit
846 1423 997 1490 omnino?
1035 1422 1099 1490 Sed
1122 1425 1163 1490 de

147 1513 352 1598 perceptione
384 1514 549 1580 hactenus.
601 1511 636 1578 si
663 1514 735 1596 quis
764 1514 849 1577 1111111
877 1535 928 1596 11,
960 1533 1041 1596 quae
1073 1513 1162 1579 dicta

149 1606 238 1688 sunt,
259 1602 457 1668 labefactare
480 1601 579 1686 volet,
606 1601 701 1666 facile
725 1601 823 1666 etiam
853 1602 1040 1666 absentibus
1062 1602 1161 1667 nobis
1176 1631 1202 1672 15

97 1690 270 1806 12veritas
295 1713 328 1756 11
351 1692 423 1775 ipsa
446 1690 603 1756 defendet.

95 1800 129 1870 37
214 1779 274 1845 His
298 1781 378 1846 11111
402 1780 556 1865 cognitis,
579 1801 659 1864 quae
681 1780 747 1843 ianr
772 1779 932 1863 explicata
955 1782 1047 1861 sunt,
1074 1801 1162 1843 nunc

148 1869 187 1934 de
216 1869 446 1934 adsensione
477 1872 574 1954 atque
598 1865 895 1951 adprobatione,
923 1889 1020 1951 quam
1045 1866 1189 1936 Graeci.

148 1954 393 2040 συγκατάθεσιν
426 1960 557 2040 vocant,
585 1977 689 2039 pauca
719 1956 874 2040 dicemus,
905 1977 972 2021 non
1002 1977 1065 2039 quo
1095 1978 1162 2020 11111

147 2047 233 2110 latus
264 2045 355 2110 locus
388 2046 443 2129 sit,
481 2045 536 2109 sed
572 2044 669 2128 paulo
706 2047 783 2109 ante
818 2044 905 2110 iacta
937 2047 1012 2109 sunt
1046 2043 1161 2109 funda·
1175 2073 1201 2112 ao

147 2136 266 2198 menta.
316 2131 403 2197 Nam
430 2155 502 2198 cum
524 2133 604 2216 vim,
632 2154 713 2217 quae
742 2136 829 2198 essct
854 2132 889 2197 in
913 2132 1076 2214 sensibus,
1108 2154 1161 2198 ex·

146 2221 364 2306 plicabamus,
388 2222 484 2285 simul
507 2221 589 2285 illud
610 2221 824 2304 aperiebatur,
847 2219 1034 2304 comprendi
1057 2221 1162 2286 multa

148 2313 181 2374 11
212 2310 334 2394 percipi
366 2310 529 2395 sensibus,
560 2309 646 2393 quod
674 2309 745 2373 fieri
772 2311 841 2374 sine
869 2309 1059 2374 adsensione
1095 2331 1160 2374 non

148 2401 265 2482 potest.
315 2398 439 2463 Deinde
467 2421 540 2464 cum
567 2400 653 2463 inter
679 2398 858 2462 inanimum
886 2402 919 2462 et
947 2397 1067 2462 animal
1098 2397 1162 2462 hoc

148 2488 286 2552 maxime
310 2488 453 2572 intersit,
477 2486 562 2572 quod
581 2487 702 2551 animal
722 2487 792 2571 agit
810 2484 933 2569 aliquid
955 2483 1052 2569 (nihil
1073 2486 1200 2551 enimse

154 2597 253 2662 agens
281 2598 323 2640 ne
351 2577 489 2662 cogitari
517 2576 646 2661 quidem
673 2578 783 2658 potest
813 2574 909 2658 quale
942 2574 1012 2659 sit),
1044 2578 1101 2638 aut
1131 2575 1162 2638 ei

149 2686 262 2729 sensus
296 2663 485 2730 adimendus
518 2669 568 2728 est
599 2667 656 2728 aut
692 2685 743 2746 11,
779 2684 861 2746 quae
898 2666 948 2727 est
983 2664 1017 2726 in
1048 2666 1162 2727 nostra
1266 2671 1267 2674 ’

96 2775 129 2825 38
148 2754 312 2836 potestate
341 2753 419 2836 1111,
448 2752 610 2816 reddenda
637 2750 794 2816 adsensio.
850 2750 896 2815 At
923 2773 999 2816 vcro
1033 2751 1169 2820 animus

149 2840 575 2994 1ξέ11111111
601 2839 1162 2993 {itaquiitiihuhiniiiishiqli
1176 2955 1201 2995 n

148 3019 267 3083 libram
284 3014 481 3100 ponderibus
500 3016 663 3100 impositis
683 3015 834 3099 deprimi,
858 3016 904 3080 sic
928 3016 1071 3080 animum
1090 3038 1162 3099 per-

150 3106 269 3190 spicuis
298 3103 419 3169 cedere.
467 3103 553 3169 Nam
583 3125 646 3188 quo
680 3104 775 3169 modo
805 3125 873 3170 non
903 3106 1013 3189 potest
1041 3104 1161 3169 animal

149 3195 251 3258 ullum
262 3215 329 3258 non
343 3193 493 3277 adpetere
507 3193 549 3272 id,
564 3192 649 3277 quod
664 3192 942 3257 accommodatum
957 3192 997 3257 ad
1010 3195 1162 3258 naturam

150 3283 303 3366 adpareat
326 3277 456 3366 (Graeci
474 3281 508 3344 id
527 3282 651 3346 οἰκεῖον
671 3280 869 3364 appellant),
892 3281 940 3345 sic
962 3301 1030 3346 non
1052 3284 1163 3365 potest

149 3371 311 3435 obiectam
333 3391 401 3433 rem
423 3369 628 3453 perspicuam
649 3390 716 3434 non
740 3368 930 3453 adprobare.
972 3367 1162 3454 Qamquam,
1176 3395 1200 3436 11

150 3458 178 3522 11
204 3458 275 3540 1111,
307 3457 346 3522 dc
379 3458 495 3542 quibus
529 3457 730 3541 disputatum
758 3460 821 3540 est,
854 3477 931 3522 vera
958 3461 1047 3540 sunt,
1077 3458 1163 3522 nihil

150 3546 268 3610 attinet
295 3545 333 3610 de
361 3545 551 3611 adsensione
580 3545 711 3610 omnino
734 3545 832 3628 loqui
884 3544 947 3621 Qui
970 3545 1055 3609 enim
1085 3547 1191 3630 quid·
