2552 3966
168 231 212 296 54
422 230 712 287 ACADEMIOORUM
730 231 895 288 PRIORUM

168 392 337 458 sedetiam
359 392 482 458 imitari
500 415 675 478 numquam
698 395 762 459 nisi
776 396 907 478 clarum,
930 395 993 460 uisi
1006 395 1178 461 nobilem?

167 481 269 566 Atqui
300 481 461 546 habebam
492 482 647 547 molestos
679 482 784 567 vobis,
820 483 876 548 sed
908 483 1063 568 minutos,
1097 482 1176 549 Stil-

167 591 298 653 ponem,
329 568 520 652 Diodorum,
550 569 734 654 Alexinum,
766 591 903 654 quorum
926 573 1001 636 sunt
1023 575 1177 638 contorta

167 660 201 722 et
214 658 361 722 aculeata
379 657 535 742 quaedam
557 657 771 743 sophismata3
795 659 842 724 sic
860 660 945 723 enim
968 659 1178 743 appellantur

166 745 300 811 fallaces
323 744 612 810 conclusiunculae.
653 745 716 810 Sed
738 746 815 830 quid
837 767 892 812 eos
915 746 1076 832 colligam,
1100 769 1208 814 cum-⁵

166 831 305 898 habeam
318 831 542 918 Chrysippum,
566 833 621 917 qui
639 833 751 898 fulcire
764 838 899 917 putatur
910 836 1072 918 porticum
1088 833 1176 901 Stoi-

166 921 298 987 corum?
339 917 442 998 Quam
465 921 570 985 multa
592 921 647 985 ille
670 926 783 986 contra
806 943 927 1006 sensus,
949 945 1046 1008 quam
1070 924 1177 988 multa

166 1013 278 1074 contra
301 1009 422 1093 omnia,
455 1030 535 1092 quae
568 1009 602 1073 in
629 1009 858 1074 consuetudine
886 1010 1079 1093 probantur!
1128 1011 1176 1076 At

166 1096 316 1162 dissolvit
337 1097 431 1161 idem.
468 1095 551 1160 Mihi
573 1096 702 1181 quidem
724 1118 792 1162 non
813 1097 953 1181 videtur3
977 1099 1032 1163 sed
1055 1097 1175 1165 dissol-

165 1185 248 1249 verit
275 1205 362 1248 saue.
408 1183 501 1250 Certe
533 1187 602 1249 tam
629 1185 734 1251 multa
764 1205 832 1250 non
859 1185 1057 1271 collegisset,
1089 1208 1175 1270 quac
1191 1212 1220 1252 ro

166 1293 225 1337 nos
248 1272 401 1336 fallerent
422 1271 653 1355 probabilitate
675 1292 804 1357 magne,
825 1273 890 1338 nisi
913 1273 1038 1339 videret
1059 1274 1101 1339 iis
1125 1297 1176 1340 re-

115 1373 147 1420 re
167 1360 240 1424 sisti
270 1381 336 1424 non
365 1360 462 1424 facile
492 1382 597 1444 posse.
651 1359 734 1436 Quid
769 1359 963 1443 Cyrenaici?
995 1362 1175 1444 [videntur]

165 1447 297 1512 minime
320 1448 498 1532 contempti
527 1447 727 1533 philosophi,
757 1449 813 1532 qui
841 1451 965 1532 negant
991 1471 1061 1515 esse
1084 1451 1174 1535 quic·

166 1558 272 1620 quam,
295 1536 379 1621 quod
401 1537 525 1620 percipi
546 1535 652 1620 possit
669 1537 879 1622 extrinsecus
903 1557 994 1602 ease
1013 1538 1175 1621 solaper·

165 1625 281 1708 cipere,
304 1645 385 1709 quae
407 1628 497 1689 tactu
518 1625 643 1690 intumo
663 1624 813 1709 sentiant,
836 1628 874 1690 ut
888 1625 1039 1709 dolorem,
1061 1628 1215 1692 utro-15

164 1712 337 1798 luptatem3
358 1733 461 1796 neque
479 1733 523 1797 se,
546 1735 609 1797 quo
632 1712 710 1798 quid
728 1713 834 1778 colore
856 1716 913 1777 aut
936 1734 999 1797 quo
1017 1733 1099 1778 sono
1120 1714 1175 1798 sit,

164 1801 257 1883 seire,
282 1799 338 1865 sed
360 1803 487 1865 tantum
510 1801 629 1865 sentire
655 1799 750 1865 adfici
772 1822 806 1864 se
829 1801 968 1884 quodam
989 1800 1096 1866 modo.

231 1887 317 1952 Satis
335 1889 438 1952 multa
455 1887 494 1952 de
514 1887 708 1952 auctoribus.
735 1887 937 1972 Quamquam
950 1909 989 1953 ex
1007 1909 1059 1953 me
1077 1911 1175 1974 quae-

164 1976 279 2059 sieras,
305 1997 412 2041 nonne
442 1977 591 2059 putarem
613 1980 691 2059 post
716 1975 791 2041 illos
814 1980 937 2044 veteres
960 1979 1011 2041 tot
1034 1976 1173 2042 saeculis

163 2063 301 2128 inveniri
323 2084 433 2128 verum
458 2066 602 2148 potuisse
627 2066 679 2128 tot
706 2063 844 2148 ingeniis
866 2064 1031 2151 tantisque
1055 2065 1174 2130 studiis
1188 2091 1213 2131 ao

164 2149 402 2235 quaerentibus.
447 2150 531 2227 Quid
558 2152 723 2216 inventum
747 2153 804 2236 sit,
831 2152 929 2235 paulo
952 2155 1029 2235 post
1050 2152 1174 2238 videro,

164 2242 197 2304 te
228 2239 300 2323 ipso
328 2238 456 2322 quidem
487 2239 601 2304 iudice.
646 2238 816 2304 Arcesilan
847 2261 924 2304 vero
951 2260 1018 2303 non
1046 2239 1174 2305 obtrec-

163 2327 255 2391 tandi
278 2348 376 2391 causa
399 2348 471 2391 cum
494 2326 619 2392 Zenone
641 2328 847 2412 pugnavisse,
870 2327 926 2392 sed
948 2347 1060 2391 verum
1082 2327 1173 2392 inve

112 2426 144 2474 aa
162 2415 233 2480 nire
269 2415 410 2479 voluisse
446 2415 493 2480 sic
533 2414 747 2498 intellegitur:
800 2413 904 2480 Nemo
941 2435 1092 2499 umquam
1120 2437 1173 2482 su·

156 2504 327 2588 pariorum
340 2525 406 2569 non
419 2502 514 2568 modo
529 2505 738 2587 expresserat,
760 2501 816 2567 sed
833 2524 874 2568 ne
897 2502 1023 2567 dixerat
1041 2503 1172 2587 quidem
1185 2527 1210 2569 aa

162 2613 258 2675 posse
284 2591 450 2656 hominem
472 2591 556 2656 nihil
584 2591 725 2674 opinari,
757 2611 817 2656 nec
840 2591 944 2656 solum
970 2611 1080 2674 posse,
1115 2592 1172 2656 sed

163 2679 211 2743 ita
232 2699 363 2744 necesse
380 2699 450 2743 esse
470 2679 617 2761 sapienti.
652 2675 734 2742 Visa
752 2681 803 2742 est
820 2678 985 2742 Arcesilae
1004 2699 1077 2742 cum
1095 2699 1172 2744 vera
1265 2721 1266 2740 1

164 2767 333 2849 sententia,
355 2769 426 2830 tum
447 2765 585 2830 honesta
603 2768 636 2828 et
653 2764 753 2850 digna
771 2766 932 2850 sapienta
954 2766 1116 2849 quaesivit
1132 2765 1171 2831 de

164 2853 291 2919 Zenone
313 2853 467 2936 fortasse,
491 2853 567 2936 quid
590 2853 734 2917 futurum
756 2857 850 2936 esset,
873 2853 902 2918 si
923 2873 984 2918 nec
1005 2853 1170 2938 percipere

162 2941 334 3026 quicquam
360 2944 472 3024 posset
498 2940 626 3024 sapiens
653 2962 713 3006 nee
740 2941 867 3024 opinari
896 2941 1053 3025 sapientis
1075 2945 1170 3007 esset.
1184 2965 1208 3007 rc

161 3028 232 3113 Ille,
251 3029 354 3107 credo,
376 3027 460 3093 nihil
475 3029 690 3111 opinaturum,
713 3029 866 3112 quoniam
880 3031 974 3112 esset,
997 3027 1082 3112 quod
1101 3050 1170 3113 per·

161 3117 229 3202 cipi
246 3119 366 3200 posset.
399 3115 483 3192 Quid
502 3135 578 3199 ergo
596 3115 630 3179 id
649 3114 755 3180 esset?
783 3114 910 3198 Visum,
932 3114 1036 3180 credo.
1069 3115 1170 3192 Quale

161 3205 266 3290 igitur
288 3203 414 3269 visum?
459 3201 541 3268 Tum
563 3203 656 3268 illum
685 3202 732 3268 ita
754 3203 916 3268 definisse:
944 3223 1059 3286 exeo,
1086 3204 1171 3288 quod

164 3297 258 3376 esset,
281 3293 364 3357 sicut
386 3295 479 3374 esset,
502 3290 695 3374 impressum
718 3293 751 3354 et
774 3291 938 3376 signatum
961 3294 995 3355 et
1018 3290 1169 3356 effictum.

163 3378 245 3445 Post
263 3380 462 3465 requisitum,
486 3378 634 3462 etiamne,
653 3378 680 3442 si
699 3378 842 3443 eiusdem
860 3377 948 3443 modi
967 3382 1053 3442 esset
1064 3378 1169 3444 visum
1182 3404 1205 3445 ra

165 3485 285 3549 verum,
307 3467 402 3550 quale
424 3466 477 3531 vel
498 3465 626 3529 falsum.
666 3461 730 3529 Hic
753 3465 914 3530 Zenonem
936 3465 1055 3530 vidisse
1078 3470 1170 3532 acute

165 3552 292 3617 nullum
315 3555 527 3635 cenericum,
559 3550 646 3636 quod
672 3551 796 3636 percipi
827 3555 951 3635 posset,
984 3553 1013 3616 si
1044 3551 1078 3616 id
1097 3553 1169 3624 ,talc
