2544 3952
359 152 427 206 ma.
446 153 485 208 lv
522 151 599 207 oAP.
618 159 740 208 ae-ss.
768 160 923 220 §rr-se.
1079 155 1147 219 423

135 314 227 400 quid,
255 315 285 379 ei
314 318 390 379 sunt
413 315 579 380 constituti
607 316 699 399 quasi
720 315 806 381 mala
828 316 1011 381 valetudine
1038 317 1147 402 animi,

136 403 299 468 sanabiles
321 407 445 487 tamen,
468 407 505 467 ut
529 401 676 468 Socrates
700 403 825 469 dicitur.
875 402 956 469 Oum
982 406 1085 470 multa
1111 406 1146 471 in

136 494 297 557 conventu
329 491 410 556 vitia
443 491 640 576 conlegisset
671 491 706 557 in
738 513 810 556 eum
838 491 998 577 Zopyrus,
1025 493 1080 577 qui
1111 515 1145 558 se
1177 515 1180 522 ·

135 584 287 644 naturam
322 579 475 664 cuiusque
504 601 542 644 ex
573 579 679 644 forma
711 581 892 664 perspicere
924 581 1146 666 profitebatur,

4 749 5 752 Ἴ
106 668 260 733 sderisus
288 671 339 732 est
367 689 387 732 e
414 667 543 751 ceteris,
571 668 625 751 qui
653 667 711 732 illa
743 669 777 733 in
810 666 941 734 Socrate
972 669 1052 734 vitia
1080 692 1145 735 non

4 817 6 842 ,
102 762 104 768 ’
134 759 361 841 agnoscerent,
390 756 432 819 ab
458 756 532 839 ipso
561 759 669 820 autem
692 755 823 822 Socrate
848 758 1047 842 sublevatus,
1072 779 1141 822 cum

134 844 193 908 illa
212 843 276 909 sibi
294 843 407 927 insita,
431 843 488 908 sed
505 843 630 909 ratione
649 867 669 909 a
688 867 722 910 se
746 845 869 914 deiecta
892 846 1019 911 diceret.
1054 846 1143 930 Ergo
1162 860 1196 908 81

133 935 171 997 ut
199 936 333 1017 optuma
360 932 495 1016 quisque
522 931 704 998 valetudine
732 933 875 998 adfectus
905 937 1013 1018 potest
1043 934 1144 999 videri

133 1023 252 1085 natura
284 1021 324 1084 ad
358 1020 499 1104 aliquem
531 1021 679 1086 morbum
718 1021 902 1106 proclivior,
940 1023 986 1086 sic
1018 1023 1144 1087 animus

4 1149 5 1192 3
91 1109 217 1173 melius
237 1109 362 1173 adalia
380 1108 460 1173 vitia
483 1108 680 1193 propensior.
714 1109 775 1185 Qui
799 1114 907 1175 autem
930 1132 997 1174 non
1019 1113 1143 1193 natura,

133 1197 192 1261 sed
216 1197 310 1279 culpa
332 1197 441 1262 vitiosi
465 1218 534 1262 esse
557 1197 720 1282 dicuntur,
748 1219 858 1263 eorum
888 1198 969 1264 vitis
994 1203 1144 1264 constant

132 1307 151 1348 e
178 1284 272 1354 falsis
301 1285 507 1368 opinionibus
535 1307 642 1350 rerum
669 1286 825 1351 bonarum
854 1287 1080 1372 etmalorum,
1107 1290 1144 1351 ut

133 1373 178 1438 sit
202 1372 284 1437 alius
310 1373 350 1437 ad
374 1373 455 1439 alios
479 1377 586 1439 motus
613 1374 936 1458 perturbationesque
962 1375 1143 1458 proclivior.

132 1461 331 1526 Inveteratio
351 1464 472 1546 autem,
494 1461 583 1526 utin
602 1462 802 1546 corporibus,
826 1463 953 1546 aegrius
973 1462 1144 1546 depellitur

90 1575 118 1615 15
133 1572 231 1634 quam
245 1549 457 1634 perturbatio,
476 1549 635 1634 citiusque
649 1551 836 1633 repentinus
852 1551 1017 1615 oculorum
1035 1554 1142 1614 tumor

4 1663 14 1692 ι
133 1641 281 1720 sanatur,
306 1659 403 1722 quam
426 1637 580 1702 diuturna
602 1637 761 1721 lippitudo
786 1637 965 1720 depellitur.
1151 1688 1194 1752 38

4 1731 5 1740 ’
201 1723 262 1790 Sed
276 1727 407 1811 cognita
424 1726 491 1790 iam
505 1747 603 1792 causa
621 1725 911 1809 perturbationum,
930 1746 1011 1810 quae
1029 1747 1140 1790 omnes
1156 1766 1190 1814 82

132 1815 292 1879 oriuntur·
312 1836 350 1878 ex
388 1813 514 1878 iudiciis
547 1814 736 1898 opinionum
769 1816 801 1877 et
832 1814 1067 1894 voluntatibus,
1100 1813 1143 1878 sit

132 1903 200 1967 iam
218 1901 314 1967 huius
334 1901 562 1986 disputationis
582 1900 704 1967 modus.
737 1897 825 1964 Scire
845 1904 953 1966 autem
970 1923 1029 1967 nos
1049 1923 1143 1984 opor-

92 2016 120 2054 ευ
134 1994 182 2055 tet
201 1990 351 2076 cognitis,
371 1991 477 2074 quoad
495 1992 632 2073 possunt
650 1990 690 2054 ab
709 1989 841 2054 homine
861 1989 1025 2074 cognosci,
1043 1988 1141 2055 bono-

87 2157 89 2160 ·
131 2101 204 2143 rum
228 2079 439 2144 etmalorum
463 2078 579 2143 finibus
601 2077 724 2148 nihile
742 2077 950 2161 philosophia
972 2099 1067 2162 posse
1087 2081 1143 2143 aut

133 2168 237 2231 maius
257 2170 313 2231 aut
330 2167 442 2231 utilius
461 2167 569 2250 optari
592 2188 688 2250 quam
711 2165 804 2248 haec,
827 2187 908 2250 quae
928 2188 946 2230 a
968 2165 1142 2230 nobishoc

132 2255 311 2339 quadriduo
326 2254 491 2337 disputata
506 2257 589 2318 suut.
621 2252 726 2318 Morte
741 2253 826 2317 enim
840 2257 1025 2337 contempta
1039 2257 1071 2316 et
1087 2253 1141 2318 do·

132 2343 200 2408 lore
212 2343 252 2407 ad
262 2343 450 2427 patiendum
459 2343 567 2406 levato
579 2341 783 2406 adiunximus
793 2341 992 2406 sedationem
1002 2342 1141 2425 aegritu·

91 2455 118 2496 as
132 2431 227 2509 dinis,
246 2453 310 2515 qua
327 2430 455 2494 nullum
472 2429 596 2494 homini
615 2430 738 2494 malum
755 2429 860 2494 maius
879 2431 936 2495 est
963 2427 1037 2493 Etsi
1056 2429 1141 2494 enim

132 2519 238 2585 omnis
258 2519 359 2584 animi
381 2518 584 2602 perturbatio
603 2517 712 2602 gravis
731 2520 857 2581 estnec
876 2517 1013 2580 multum
1035 2517 1142 2580 differt

133 2608 173 2672 ab
198 2607 354 2690 amentia,
377 2610 487 2672 tamen
511 2605 584 2686 [ita]
609 2609 747 2689 eeteroS,
775 2627 847 2670 cum
870 2608 945 2670 sunt
973 2604 1007 2669 in
1033 2605 1141 2689 aliqua

131 2695 376 2779 perturbatione
400 2698 456 2759 aut
478 2697 582 2758 metus
607 2697 664 2758 aut
690 2693 833 2759 laetitiae
860 2696 917 2757 aut
945 2692 1142 2777 cupiditatis,

132 2786 312 2859 commotos
346 2783 443 2848 modo
475 2786 508 2846 et
538 2782 743 2866 perturbatos
776 2782 881 2846 dicere
913 2781 1067 2865 solemus,
1107 2784 1141 2845 at

90 2895 118 2934 30
133 2892 202 2955 eos,
226 2872 339 2956 quise
363 2869 556 2956 aegritudini
579 2869 780 2953 dediderunt,
809 2870 958 2952 miseros,
987 2867 1140 2952 adflictos,

133 2980 353 3042 aerumnosos,
377 2959 591 3024 calamitosos.
635 2956 749 3042 Itaque
772 2978 838 3023 uon
859 2957 994 3022 fortuito
1018 2957 1139 3021 factum
1158 2977 1191 3025 83

131 3047 269 3126 videtur,
293 3047 350 3111 sed
373 3068 393 3112 a
415 3050 448 3111 te
466 3045 592 3111 ratione
609 3045 826 3129 propositum,
849 3049 885 3110 ut
904 3046 1078 3128 separatim
1101 3044 1139 3109 de

131 3134 334 3220 aegritudine
349 3135 433 3198 etde
448 3133 562 3199 ceteris
576 3133 875 3218 perturbationibus
890 3134 1139 3218 disputaremus,

130 3224 166 3287 in
185 3245 223 3287 ea
242 3227 292 3287 est
311 3223 395 3288 enim
413 3222 488 3287 fons
505 3221 707 3286 miseriarum
722 3225 754 3286 et
772 3225 877 3306 caput.
909 3220 971 3286 Sed
991 3225 1023 3286 et
1037 3221 1139 3306 aegri-

90 3337 116 3378 as
130 3311 252 3376 tudinis
281 3315 315 3376 et
341 3311 538 3394 reliquorum
571 3309 671 3374 animi
704 3309 890 3376 morborum
917 3332 980 3374 una
1013 3309 1138 3375 sanatio

131 3402 194 3484 est,
228 3400 333 3464 omnis
366 3397 539 3484 opinabilis
572 3419 641 3463 esse
674 3399 707 3462 et
737 3398 936 3463 voluntarios
969 3420 1007 3463 ea
1043 3419 1139 3482 reque

131 3488 264 3573 suscipi,
288 3488 373 3571 quod
395 3488 443 3552 ita
460 3489 583 3552 rectum
602 3506 672 3552 esse
692 3481 846 3551 iideatur.
882 3485 977 3550 Hunc
999 3509 1140 3552 errorem
