2568 3948
158 231 235 320 262·
321 231 369 284 nn
388 227 533 283 numus
550 225 731 283 nouorum
748 227 796 281 nr
815 224 996 281 urrunnu

158 396 272 458 nesta
293 391 451 456 dicuntur.
493 390 638 466 Quorum
660 389 803 453 omnium
826 407 909 473 quae
932 389 998 451 sint
1019 387 1171 468 notitiae,
1267 379 1268 442 l

160 487 305 565 quaeque
329 479 550 564 significentur
567 499 675 540 rerum
695 475 874 559 vocabulis,
897 488 1040 559 quaeque
1063 475 1169 540 cuius·

160 589 221 651 que
244 568 293 632 vis
317 571 350 632 ct
371 570 489 660 natura
511 566 566 646 sit,
589 585 665 630 mox
687 565 876 628 videbimus.

107 627 151 753 ἓξ
226 654 298 720 Ηοο
317 659 425 720 autem
443 655 515 720 loco
538 657 668 718 tantum
687 652 897 736 explicemus,
919 651 999 716 haec
1023 651 1170 733 honesta,

160 763 243 828 quae
266 743 352 826 dico,
374 747 599 828 praeterquam
623 739 708 825 quod
730 743 858 805 nosmet
875 740 965 823 ipsos
986 738 1198 823 diligamus
1269 813 1270 818 ἵ

159 835 327 916 praeterea
353 835 467 915 suapte
493 835 610 895 natura
635 849 694 913 per
721 849 755 892 se
782 849 853 893 esse
883 826 1071 910 expetenda.
1116 825 1169 890 In-

161 920 271 985 dicant
293 921 398 1004 pueri,
420 920 456 984 in
477 920 595 1004 quibus
613 916 703 982 utin
722 916 862 1000 speculis
882 920 1000 980 natura
1018 916 1170 980 cernitur.

162 1007 291 1084 Quanto
322 1007 430 1072 studia
461 1007 695 1071 decertantium
727 1007 816 1072 sunt!
849 1010 970 1090 quante
1001 1005 1073 1090 ipsa
1104 1027 1170 1072 oer-

160 1097 298 1160 taminal
326 1099 364 1159 ut
390 1095 441 1159 illi
471 1097 647 1159 efferuntur
676 1095 813 1177 laetitia,
846 1115 917 1158 oum
944 1093 1103 1159 vicerunt!
1133 1099 1171 1159 ut

160 1184 261 1267 pudet
291 1184 407 1248 victos!
438 1186 476 1247 ut
506 1203 540 1248 se
568 1183 712 1247 accusari
744 1183 872 1248 nolunt!
905 1200 1002 1266 quam
1034 1183 1171 1266 cupiunt
1185 1214 1214 1251 ro

160 1271 298 1335 laudari!
318 1292 398 1355 quos
417 1271 466 1335 illi
485 1271 615 1336 labores
630 1273 722 1352 [non]
742 1271 917 1354 perferunt,
935 1275 972 1335 ut
987 1272 1171 1354 aequalium

159 1359 320 1442 principes
349 1359 427 1423 sint!
455 1381 536 1443 quae
563 1359 720 1423 memoria
742 1363 792 1424 est
814 1359 848 1423 in
878 1358 918 1423 iis
942 1360 1022 1424 benc
1044 1381 1171 1424 meren-

159 1446 256 1548 tium,
280 1468 362 1544 quae
385 1447 569 1550 referendae
593 1448 718 1549 gratiae
737 1447 907 1530 cupiditas!
944 1447 1052 1531 Atque
1074 1470 1113 1512 ea
1135 1448 1172 1511 in

160 1536 1171 1709 tiltlaffzdldllhttssfflssrdttthtdtttt

108 1734 141 1782 62
160 1711 304 1776 brantur.
359 1711 422 1776 Sed
447 1712 528 1777 haec
555 1713 589 1776 in
616 1711 738 1795 pueris,
770 1732 922 1795 expressa
953 1734 1028 1776 vero
1061 1713 1096 1776 in
1128 1713 1170 1777 iis

161 1800 335 1882 aetatibus,
363 1821 444 1884 quae
473 1801 541 1865 iam
563 1800 771 1864 confirmatae
795 1805 878 1864 sunt.
925 1800 1003 1877 Quis
1028 1806 1078 1865 est
1100 1803 1171 1865 tam

161 1887 326 1954 dissimilis
358 1888 496 1966 homini,
528 1888 583 1972 qui
619 1909 686 1952 non
722 1892 890 1952 moveatur
925 1894 959 1953 et
992 1888 1170 1953 offensione

158 1976 371 2061 turpitudinis
403 1980 436 2040 et
467 1976 731 2059 comprobatione
762 1975 967 2040 honestatis?
1004 1977 1077 2060 quis
1110 1981 1171 2060 est,
1273 1966 1274 2046 l

159 2064 300 2147 quinon
323 2064 428 2132 oderit
448 2063 669 2147 libidinosam,
690 2068 875 2147 protervam
894 2064 1170 2130 adulescentiam?
1185 2095 1210 2133 ro

160 2151 233 2236 quis
248 2156 361 2217 contra
378 2152 485 2216 inille
500 2154 607 2216 aetate
624 2152 789 2236 pudorem,
809 2154 1036 2238 constantiam,
1057 2155 1169 2218 etiam·

161 2241 188 2304 si
212 2261 271 2304 sua
293 2239 377 2304 nihil
399 2240 540 2323 intersit,
562 2263 627 2304 non
649 2244 759 2304 tomen
781 2240 919 2325 diligat?
943 2241 1015 2325 quis
1038 2241 1169 2306 Pullum

159 2326 380 2393 Numitorium
402 2327 642 2414 Fregellanum,
667 2329 878 2412 proditorem,
901 2350 1097 2413 quamquain
1120 2331 1169 2394 rei

158 2415 309 2499 publicae
336 2419 470 2481 nostrae
496 2416 632 2500 profuit,
653 2437 720 2481 non
743 2416 832 2480 odit?
860 2418 932 2501 quis
959 2417 1054 2482 huius
1078 2417 1169 2482 urbis

160 2507 419 2569 conservatorem
456 2502 612 2586 Codrum,
652 2505 722 2588 quis
758 2503 933 2569 Erechthei
976 2505 1060 2593 filias
1101 2527 1169 2571 non
1184 2535 1210 2574 25

159 2593 298 2658 maxime
334 2593 468 2657 laudat?
505 2593 556 2657 cni
587 2592 707 2657 Tubuli
738 2613 855 2656 nomen
888 2593 961 2658 odio
998 2613 1064 2658 non
1097 2595 1169 2658 est?

159 2681 230 2762 quis
243 2680 419 2744 Aristidem
438 2702 505 2746 non
523 2684 688 2746 mortuum
706 2679 834 2764 diligit?
865 2680 920 2744 An
940 2681 1169 2766 obliviscimur,

159 2771 357 2852 quantopere
379 2769 414 2833 in
434 2769 590 2834 audiendo
609 2769 644 2832 in
661 2768 859 2852 legendoque
877 2790 1071 2852 moveamur,
1095 2791 1169 2834 cum

159 2857 225 2939 pie,
253 2878 326 2920 cum
355 2857 470 2940 amice,
502 2877 574 2939 cum
602 2875 721 2940 magno
749 2857 858 2922 animo
892 2857 1014 2940 aliquid
1045 2857 1168 2922 factum

107 2967 140 3015 63
160 2944 408 3028 cognoscimus?
453 2944 537 3020 Quid
559 2945 675 3027 loquor
697 2944 736 3007 de
759 2945 868 3028 nobis,
897 2945 953 3028 qui
976 2945 1016 3009 ad
1039 2945 1169 3012 landem
1184 2976 1210 3014 so

160 3036 193 3097 et
224 3032 264 3096 ad
296 3032 392 3097 decus
424 3033 506 3114 nati,
539 3033 695 3115 suscepti,
732 3032 876 3096 instituti
912 3033 1046 3098 sumus?
1105 3034 1169 3111 Qui

159 3122 315 3185 clamores
338 3120 428 3204 uulgi
451 3122 546 3203 atque
569 3120 794 3204 imperitorum
818 3121 998 3185 excitantur
1021 3122 1055 3186 in
1077 3123 1167 3188 thea-

158 3210 231 3290 tris,
254 3230 326 3273 cum
350 3208 408 3271 illa
432 3207 596 3272 dicuntur:

247 3327 338 3416 'Ego
362 3352 444 3396 sum
468 3322 640 3418 Orestes,

159 3459 333 3539 contraque
357 3455 398 3519 ab
422 3455 539 3520 altero:
1182 3485 1208 3526 ³5

246 3557 373 3624 'immo
393 3560 586 3626 enimvero
607 3581 676 3646 ego
695 3583 787 3643 sum,
806 3559 1167 3646 inquam,0restes!
