2544 3952
314 227 382 284 222.
399 227 446 285 IV.
475 226 552 284 222.
571 234 644 284 22-
650 233 692 284 22.
724 233 880 295 222-22
1035 227 1101 294 409

83 387 150 452 2112
179 407 294 473 genere
317 389 370 453 22·2
401 409 477 454 sane
504 387 717 456 Pacideianus
746 388 862 475 aliquis
896 389 958 456 hoc
985 391 1103 476 animo,

83 480 126 540 ut
151 480 265 542 222222
250 475 445 542 2222212222

158 589 338 656 Occidam
375 591 486 657 illum
522 593 694 676 equidem
731 595 768 656 22
798 592 964 675 vincam,
1001 592 1034 656 si
1064 591 1103 656 id

650 680 853 765 quaeritis,
876 680 1014 765 inquit.

158 773 299 841 Verum
329 776 426 841 illud
456 776 569 843 credo
598 775 695 842 fore:
727 777 768 842 iu
797 799 837 878 22
867 776 974 878 prius
1005 777 1103 842 acci·

790 886 895 949 pram
918 885 1014 949 ipse,

160 961 277 1038 Quam
306 961 477 1047 gladium
501 961 540 1026 in
562 961 760 1028 stomacho
788 961 865 1026 2222
893 983 934 1027 22
956 963 1102 1047 pulmo·

768 1049 882 1115 nibus
906 1051 1014 1116 22222.

159 1145 232 1213 Odi
266 1146 472 1232 hominem,
507 1146 630 1211 iratus
666 1164 810 1231 pugno,
845 1169 913 1213 neo
947 1148 1102 1233 longius

811 1237 1014 1322 quiequam

157 1329 295 1412 Nobis,
321 1353 431 1417 quam
459 1331 617 1396 dextrae
645 1331 815 1416 gladium
838 1333 927 1412 ,dum
958 1355 1102 1398 accom-

746 1421 875 1485 modet
899 1421 1014 1505 alter,

158 1515 288 1600 Usque
307 1517 399 1582 adeo
422 1517 609 1582 studio
571 1521 609 1582 2
615 1539 685 1602 que
708 1517 795 1584 odio
818 1518 930 1584 illius
954 1519 1103 1585 2222222

943 1608 1013 1672 222.

159 1709 205 1775 At
234 1711 303 1774 sine
336 1711 398 1776 hae
430 1710 625 1796 gladiatoria
652 1710 821 1776 iracundie
850 1712 995 1777 videmus
1026 1734 1149 1815 pro-49
1110 1687 1153 1751 22

49 1765 1149 1973 1022212222222222222.Ῐέ22.222222222222222

92 1996 183 2039 arma
197 1974 367 2060 sumpsit,
357 1994 516 2060 mgressro
531 1975 690 2040 laetitiam
701 1974 812 2041 222212
826 1891 1101 2060 222222,222222222

92 2066 200 2128 autem
221 2062 445 2147 hostibus,
408 2064 569 2148 utipsum
587 2061 672 2128 Hect
657 2065 774 2147 otrem,
798 2083 893 2148 quem
911 2063 952 2128 ad
970 2064 1102 2130 modum

8 2155 10 2162 '
93 2154 143 2215 222
156 2151 242 2234 apud
256 2148 443 2234 Homerum,
461 2154 531 2216 2222
549 2155 679 2234 pectore
698 2155 889 2218 trementem
906 2173 1101 2235 provocasse

52 2263 79 2304 15
94 2238 133 2302 ad
160 2258 303 2322 pugnarn
329 2201 518 2324 paenideret.
567 2238 675 2324 Atque
702 2238 738 2303 hi
765 2240 926 2306 conlocuti
949 2240 1035 2306 inter
1057 2263 1102 2324 22,

93 2326 182 2410 prins
201 2349 298 2428 quarn
316 2348 448 2392 manum
467 2331 685 2410 consererent,
706 2326 876 2392 leniteret
861 2328 1001 2413 tquiete
969 2327 1102 2394 22221221

93 2433 133 2478 ne
155 2414 190 2479 in
211 2415 284 2498 ipsa
306 2415 435 2499 quidem
456 2436 567 2501 pugna
588 2413 740 2480 iracunde
758 2415 926 2481 rabioseve
948 2415 1101 2480 fecerunt.

93 2501 165 2588 Ego
187 2524 229 2566 ne
252 2503 395 2586 Torquet
396 2524 451 2567 um
473 2503 603 2587 quidem
625 2502 720 2567 illum
725 2503 814 2588 q,ui
836 2502 897 2568 hoc
921 2521 1102 2588 cognomen

95 2590 224 2673 invenit,
246 2590 365 2656 iratum
384 2591 533 2656 existimo
553 2589 647 2656 Gallo
664 2594 813 2676 torquem
832 2591 1019 2676 detraxisse,
1041 2613 1101 2658 neo

55 2641 282 2744 aoMarcelium
309 2678 395 2763 apud
424 2677 617 2745 Clastidium
644 2678 716 2744 ideo
743 2678 809 2745 fort
810 2700 861 2744 em
883 2679 997 2762 fuisse,
1025 2680 1101 2763 quia

95 2764 228 2830 fuerit
218 2771 283 2830 2222
284 2788 329 2830 22.
378 2765 428 2830 Ι)2
454 2765 610 2832 Africano
643 2766 784 2868 quidem,
812 2767 888 2868 quia
913 2768 1022 2832 notior
1051 2771 1101 2832 222
1118 2783 1153 2834 22

80 2853 187 2918 nobis
209 2857 342 2939 propter
359 2857 521 2920 recentem
542 2856 744 2938 memoriam,
767 2854 946 2920 vel1urare
969 2877 1100 2956 possum

96 2952 158 3006 nou
180 2941 272 3006 illum
294 2942 460 3008 iracundia
481 2946 552 3009 tum
574 2925 811 3008 inflammatum
833 2942 947 3022 fuisse,
971 2965 1043 3010 cum
1065 2944 1102 3014 in

97 3029 160 3094 acie
174 3028 216 3094 M.
230 3030 408 3096 Allienium
426 3030 618 3116 Paelignum
637 3034 727 3096 scuto
745 3052 804 3115 pro
806 3032 925 3096 texerit
943 3031 1101 3116 gladium·

56 3139 153 3202 esque
179 3118 305 3183 hosti
241 3121 330 3184 tm
355 3121 430 3205 pcct
430 3141 467 3184 us
496 3119 646 3184 infixerit.
695 3117 745 3182 De
771 3117 807 3185 L.
829 3117 932 3184 Bruto
961 3118 1027 3184 fort
1013 3123 1100 3184 tasse

97 3205 280 3290 dubitarim,
302 3229 344 3272 an
365 3209 499 3290 propter
521 3206 684 3272 infinitum
707 3205 817 3271 odium
845 3207 978 3290 tyranni
1001 3207 1100 3272 22222-

95 3295 199 3358 natius
225 3294 260 3358 in
287 3293 464 3360 Arruntem
490 3295 660 3378 invaserit,
686 3293 780 3359 video
813 3296 899 3360 enirn
929 3297 1100 3378 utrumque

97 3381 286 3446 ‘comminus
310 3382 377 3447 ictu
400 3382 552 3448 cecidisse
575 3379 760 3448 contrario?
805 3382 889 3459 Quid
913 3383 1016 3467 igitur
1037 3385 1101 3448 huc

97 3469 251 3535 adhibetis
273 3469 379 3535 iram?
403 3492 444 3536 an
464 3470 636 3555 fortitudo,
658 3471 723 3536 nisi
741 3470 885 3535 insanire
904 3471 1018 3554 coepit,
1040 3471 1099 3534 im·

58 3583 85 3626 22
96 3561 184 3643 petus
211 3579 288 3623 2222
315 3557 529 3624 nonhabet?
575 3557 681 3635 Quid?
730 3557 918 3641 Herculem,
944 3579 1039 3642 quem
1065 3559 1100 3623 in
