2552 3966
334 178 404 232 ΜΒ.
422 179 457 232 11.
486 177 562 234 CAP.
584 185 704 235 13-15.
733 185 888 246 err-rc.
1071 183 1113 246 41
1179 223 1181 228 .

108 342 286 426 perspicere
303 361 363 406 nec
381 341 447 406 ulla
462 342 685 407 communione
700 343 843 408 visorum
859 344 1017 428 impediri,
1030 366 1116 410 eom-

108 431 257 514 prendere
282 452 321 494 ea
344 451 378 494 se
396 452 490 514 posse
513 430 708 496 fatebuntur.
746 431 929 497 sinautem
947 435 1118 518 negabunt

107 541 179 583 vera
197 518 272 586 visa
291 541 311 582 a
328 517 419 583 falsis
438 541 534 602 posse
551 519 719 605 distingui,
739 520 794 604 qui
812 524 967 604 poterunt
984 522 1118 607 longius

106 607 279 693 progredi?
312 605 503 672 Occurretur
527 608 621 693 euim,
643 609 727 673 sicut
745 631 913 674 occursum
936 613 994 675 est.
1029 609 1117 675 Nam
1169 640 1175 652 1

79 695 252 761 sconeludi
285 699 512 780 argumentum
542 719 608 762 non
639 700 747 780 potest
777 697 842 762 nisi
873 697 913 763 iis
920 749 929 782 ,
961 719 1042 782 quae
1075 701 1117 764 ad

107 783 359 850 concludendum
396 788 525 868 sumpta
561 790 667 870 eruut,
698 787 745 851 ita
777 787 938 872 probatis,
969 791 1006 852 ut
1032 787 1118 852 falsa

106 873 248 938 eiusdem
267 873 355 937 modi
372 873 462 937 nulla
483 874 611 957 possint
633 895 710 939 esse.
746 873 836 960 Ergo
860 875 889 940 si
911 876 1006 941 rebus
1030 897 1116 942 com-

104 963 231 1046 prensis
250 965 284 1026 et
301 962 460 1046 perceptis
478 963 550 1026 uisa
568 966 601 1027 et
618 983 791 1048 progressa
808 964 891 1030 ratio
910 963 972 1028 hoc
988 963 1117 1042 efficiet,
1181 1035 1183 1039 ,

103 1051 185 1116 nihil
222 1072 319 1134 posse
355 1051 552 1135 comprendi,
587 1051 663 1135 quid
701 1055 811 1136 potest
844 1053 994 1137 reperiri,
1031 1053 1116 1136 quod

67 1161 91 1201 ιο
103 1141 212 1223 ipsum
236 1139 299 1204 sibi
317 1141 476 1224 repugnet
493 1138 621 1224 magis?
644 1161 779 1225 cumque
799 1141 873 1224 ipsa
889 1145 1007 1206 natura
1024 1163 1115 1206 accu-

102 1233 195 1294 ratae
210 1227 368 1292 orationis
387 1227 449 1294 hoc
465 1229 664 1312 profiteatur,
683 1249 716 1294 se
732 1229 852 1314 aliquid
870 1230 1117 1314 patefacturam,

103 1317 189 1402 quod
213 1338 280 1380 nou
303 1319 458 1400 appareat
481 1321 526 1398 et,
549 1339 611 1401 quo
634 1317 667 1381 id
690 1316 816 1383 facilius
835 1319 1039 1404 adaequatur,
1062 1319 1115 1384 ad-

101 1407 283 1470 hibituram
306 1407 337 1468 et
360 1427 474 1468 sensus
498 1409 530 1469 et
548 1427 598 1489 ea,
621 1427 702 1490 quae
724 1407 893 1490 perspicua
916 1408 989 1491 sint,
1012 1408 1116 1492 qualis

103 1499 153 1559 est
184 1495 324 1558 istomm
352 1494 469 1578 oratio,
501 1495 556 1578 qui
588 1495 697 1560 omnia
726 1517 794 1560 non
821 1498 889 1560 tam
916 1517 985 1560 esse
1018 1518 1115 1580 quam

68 1606 89 1646 a
101 1583 206 1648 videri
225 1579 359 1647 volunt?
395 1580 535 1646 Maxime
553 1585 661 1647 autem
681 1584 921 1667 convincuntur,
944 1605 1017 1648 cum
1034 1584 1117 1650 haec

102 1672 166 1736 duo
189 1692 250 1755 pro
274 1671 525 1756 congruentibus
549 1675 681 1736 sumunt
704 1675 772 1736 tam
794 1672 999 1736 vehementer
1023 1695 1114 1757 repu-

103 1759 253 1846 gnantia,
280 1759 422 1843 primum
446 1781 515 1824 esse
538 1760 695 1844 quaedam
719 1759 804 1824 falsa
826 1759 896 1824 risa
919 1759 1018 1844 (quod
1042 1783 1115 1826 curn

102 1849 232 1931 volunt,
256 1848 422 1912 declarant
443 1848 601 1932 quaedam
624 1869 694 1913 esse
716 1847 820 1934 vera),
850 1848 964 1913 deinde
987 1848 1116 1934 ibidem,

103 1938 188 2001 inter
216 1935 301 2000 falsa
327 1935 397 2000 risa
423 1941 456 2000 et
477 1959 555 2002 vera
580 1937 661 2002 nihil
688 1931 853 2002 interesse.
902 1936 949 2001 At
975 1937 1115 2021 primum

66 2048 91 2087 ro
104 2047 303 2109 sumpseras,
331 2028 499 2109 tamquam
520 2026 699 2091 interesset.
745 2025 798 2090 Ita
822 2025 922 2110 priori
945 2028 1116 2111 posterius,

102 2115 279 2199 posteriori
302 2114 448 2197 superius
470 2137 537 2180 non
559 2113 712 2199 iungitur.

170 2201 234 2268 Sed
257 2202 500 2287 progrediamur
522 2201 651 2288 longius
674 2208 708 2268 et
728 2204 776 2268 ita
800 2225 946 2290 agamus,
971 2206 1008 2266 ut
1030 2203 1113 2268 nihil
1132 2217 1170 2266 45

84 2292 198 2365 ¹nobis
222 2291 382 2356 adsentati
405 2313 475 2356 esse
497 2291 674 2375 videamur,
700 2292 843 2377 quaeque
866 2293 906 2357 ab
930 2292 981 2356 his
1005 2291 1114 2358 dicun·

103 2386 171 2465 tur,
204 2380 251 2444 sic
282 2401 524 2463 persequamur,
557 2384 593 2444 ut
624 2380 707 2445 nihil
738 2381 772 2445 in
804 2380 987 2464 praeteritis
1020 2381 1114 2445 relin-

66 2491 90 2532 re
103 2490 251 2554 quamus.
296 2467 441 2533 Primum
463 2469 563 2554 igitur
584 2469 797 2552 perspicuitas
819 2468 891 2552 illa,
914 2490 1011 2553 quam
1035 2468 1114 2532 dixi-

104 2581 190 2642 mus,
215 2555 294 2620 satis
318 2577 472 2642 magnam
496 2556 596 2621 habet
617 2557 697 2640 rim,
724 2559 761 2620 ut
788 2556 861 2640 ipsa
887 2579 944 2639 per
974 2578 1044 2621 sese
1068 2579 1115 2640 ea,

104 2667 187 2732 quae
211 2646 289 2727 sint,
311 2645 420 2729 nobis,
442 2646 491 2710 ita
512 2651 550 2709 ut
572 2645 651 2727 sint,
673 2645 802 2710 indicet.
847 2641 909 2710 Sed
932 2647 1055 2723 tamen,
1078 2651 1115 2710 ut

104 2755 294 2800 maneamus
313 2732 348 2798 in
365 2733 543 2818 perspicuis
562 2734 686 2798 firmius
706 2736 738 2797 et
755 2734 972 2817 constantius,
992 2734 1114 2799 maiore

105 2823 245 2908 quadam
274 2843 354 2905 opus
383 2826 433 2887 est
459 2823 511 2887 vel
540 2825 608 2887 arte
635 2823 687 2887 vel
715 2821 897 2908 diligentia,
923 2844 965 2887 ne
993 2823 1034 2887 ab
1064 2823 1115 2902 iis,

66 2934 187 2998 ecquae
216 2910 306 2974 clara
332 2911 400 2975 sint
426 2911 499 2994 ipsa
525 2933 582 2995 per
609 2933 691 2993 sese,
719 2911 811 2995 quasi
833 2910 1021 2996 praestigiis
1046 2911 1115 2996 qui-

104 3001 242 3066 busdam
271 3002 303 3063 et
333 2999 535 3083 captionibus
558 2999 766 3084 depellamur.
815 2999 900 3064 Nam
928 3000 992 3084 qui
1011 3000 1117 3065 voluit
1218 3051 1229 3066 .

105 3088 276 3153 subvenire
305 3087 467 3152 erroribus
492 3087 679 3172 [Epicurus]
704 3088 757 3172 iis,
785 3089 840 3173 qui
867 3088 1018 3153 videntur
1040 3110 1114 3154 con-

104 3178 236 3242 turbare
259 3176 327 3240 veri
350 3176 583 3260 cognitionem,
605 3177 750 3260 dixitque
772 3176 928 3260 sapientis
952 3197 1022 3242 esse
1045 3176 1114 3260 opi·

103 3267 236 3332 nionem
255 3287 275 3329 a
292 3264 523 3349 perspicuitate
542 3266 719 3350 seiungere,
737 3265 820 3329 nihil
838 3265 988 3350 profecit3
1008 3265 1113 3348 ipsius

66 3385 91 3426 ³5
105 3355 191 3419 enim
214 3353 376 3438 opinionis
401 3375 541 3419 errorem
563 3354 653 3419 nullo
677 3353 773 3418 modo
798 3353 938 3418 sustulit.
1127 3403 1171 3467 ,5

171 3442 276 3519 Quam
314 3441 355 3507 ob
393 3463 473 3525 rem,
506 3464 579 3508 cum
612 3442 692 3506 duae
726 3463 840 3506 causae
872 3441 1050 3526 perspicuis
1082 3444 1116 3505 et
1132 3481 1168 3530 46

91 3531 307 3598 evidentibus
338 3531 436 3596 rebus
469 3530 691 3614 adversentur,
723 3529 844 3594 auxilia
875 3529 1011 3594 totidem
1039 3533 1114 3594 sunt
