2564 3952
326 218 393 273 5113.
412 219 446 274 11.
474 219 552 275 car.
570 226 692 274 er-aa
725 225 881 285 §so-ss.
1042 222 1107 288 349

96 381 291 465 fluimusque
319 381 470 464 mollitia,
498 383 568 466 apis
596 381 791 447 aculeum
765 404 834 448 sine
857 384 995 450 clamore
1023 383 1107 449 ferre

97 491 165 535 non
192 490 372 570 possumus.
431 469 476 534 At
462 474 579 534 tvero
608 467 643 534 0.
670 469 808 554 Marius,
838 473 1021 537 rusticanus
1049 473 1107 558 vir,
1127 494 1159 542 53

99 557 156 622 sed
179 556 275 640 plane
299 558 361 641 vir,
383 579 455 622 cum
475 562 651 641 secaretur,
674 563 711 623 ut
730 560 925 643 supradixi,
949 561 1106 644 principio

98 645 204 709 vetuit
232 667 266 710 se
293 646 435 731 alligari,
457 667 515 711 nee
539 647 709 732 quisquam
729 650 804 712 ante
824 647 964 712 Marium
983 649 1107 713 solutus

70 733 217 799 sdicitur
250 755 318 798 esse
346 739 414 798 sect
415 757 462 799 us.
512 732 577 799 Cur
609 755 686 819 ergo
718 739 831 818 postea
864 737 940 801 alii?
994 735 1108 801 Valuit

8 887 9 906 ,
99 821 286 886 auctoritas.
323 820 463 886 Videsne
481 822 583 906 igitur
602 823 762 906 opinionis
781 846 865 908 esse,
888 846 953 889 non
971 829 1107 890 naturae

98 909 245 974 malum?
281 909 326 974 Et
343 913 453 976 tamen
471 909 571 975 fuisse
591 933 697 975 aerem
715 933 860 976 morsum
878 913 998 978 doloris
1021 913 1106 978 idem

98 997 223 1062 Marius
247 997 402 1081 ostendit3
425 1020 498 1063 crus
517 998 603 1063 enim
622 1000 760 1064 alterum
777 1021 844 1065 non
862 1001 1019 1085 praebui.
996 1001 1107 1066 tlta

99 1089 132 1151 et
163 1086 243 1150 tulit
273 1047 485 1152 dolorerht
448 1090 485 1151 ut
511 1087 561 1150 vir
588 1091 621 1151 et
649 1091 686 1151 ut
712 1087 811 1154 homo
840 1090 994 1154 maiorem
1023 1090 1106 1154 ferre

8 1185 10 1214 ÷
57 1202 85 1241 ιο
99 1175 169 1239 sine
192 1195 289 1239 causa
311 1175 496 1240 necessaria
517 1175 631 1240 noluit
666 1173 730 1241 Tot
715 1179 784 1241 tum
807 1177 940 1262 igitur
931 1200 964 1242 ιιι
987 1200 1025 1243 eo
1049 1183 1107 1261 est,

8 1227 10 1306 l
98 1265 173 1328 ιιιι
158 1262 248 1326 tibi
239 1284 386 1347 mperes.
423 1261 556 1328 Ostendi
576 1267 697 1348 autem,
719 1265 805 1348 quod
824 1269 910 1330 esset
927 1266 1107 1350 imperandi

8 1385 10 1418 ι
98 1371 215 1436 genus3
238 1354 334 1436 atque
356 1351 437 1416 haec
460 1353 629 1436 cogitatio,
649 1352 729 1454 quid
747 1354 919 1436 patientia,
943 1355 1020 1440 quid
1042 1356 1107 1420 for

8 1447 9 1508 Ῑ
97 1439 251 1522 titudine,
269 1439 345 1540 quid
364 1439 585 1541 magnitudine
603 1440 703 1504 animi
722 1440 948 1525 dignissimum
967 1443 1018 1526 sit,
1040 1465 1107 1508 non

99 1527 205 1593 solum
233 1527 376 1592 animum
403 1527 599 1680 comprimit,
627 1528 719 1608 sed'
709 1550 816 1613 1psum
840 1530 938 1594 etiam
964 1529 1106 1595 dolorem

59 1641 84 1682 15
98 1616 208 1682 nescio
232 1637 295 1717 quo
319 1620 414 1700 pacto
438 1617 599 1681 mitiorem
621 1597 708 1681 ladit
1118 1667 1161 1730 23

166 1701 213 1768 Ut
235 1704 414 1769 enimfit'
369 1707 437 1768 tm
460 1705 598 1788 proelio,
625 1706 693 1769 ιιι
684 1725 821 1790 ignavus
844 1707 936 1770 miles
961 1728 998 1771 ac
1023 1707 1108 1770 timi·
1127 1745 1160 1792 54

99 1793 173 1876 dus,
206 1792 302 1856 simul
334 1814 372 1858 ac
398 1793 514 1858 viderit
541 1793 683 1876 hostem,
711 1793 837 1858 abiecto
871 1797 962 1858 scuto
994 1794 1107 1880 fugiat,

99 1885 256 1966 quantum
278 1881 384 1964 possit
369 1881 462 1964 tob,
483 1903 616 1966 eamque
640 1903 772 1946 causam
795 1885 906 1965 pereat
927 1903 995 1947 non
1016 1904 1107 1947 num-

99 1991 195 2053 quam
230 1967 327 2033 etiam
359 1969 486 2054 integro
520 1990 666 2053 corpore,
697 1992 770 2034 cum
802 1970 846 2054 ei,
882 1971 937 2054 qui
971 1972 1107 2053 steterit,

59 2083 85 2122 so
99 2057 181 2122 nihil
204 2057 270 2121 tals
293 2057 447 2140 evenerit,
470 2057 530 2141 sic,
553 2059 623 2142 qui
631 2058 750 2123 doloris
775 2059 914 2142 speciem
934 2058 1019 2124 ferre
1042 2081 1108 2125 non
1216 2081 1218 2085 ’

98 2148 250 2229 possunt,
277 2145 420 2210 abiciunt
447 2167 481 2210 se
509 2149 605 2229 atque
637 2147 684 2211 ita
716 2147 901 2212 adflictit
868 2151 901 2212 et
934 2147 1107 2214 exanimati

99 2233 220 2315 iacent3
251 2233 306 2316 qui
338 2235 446 2298 autem
477 2235 681 2318 restiterunt,
716 2235 883 2300 discedunt
919 2237 1107 2320 saepissime

100 2321 290 2405 superiores.
340 2319 422 2386 Sunt
449 2322 534 2386 enim
563 2322 719 2406 quaedam
748 2324 847 2388 animi
878 2325 1107 2390 similitudines

100 2431 174 2474 cum
197 2430 339 2492 corpore
383 2409 430 2474 Ut
457 2431 554 2474 onera
578 2411 737 2475 contentis
767 2412 957 2494 corporibus
980 2411 1107 2477 facilius

60 2523 87 2564 ιι
100 2497 260 2577 feruntur,
295 2497 442 2562 remissis
474 2498 674 2581 opprimunt,
706 2497 870 2562 simillime
903 2499 1029 2564 animus
1061 2501 1108 2564 in-

99 2586 244 2650 tentione
272 2606 331 2650 suc
358 2584 492 2669 depellit
518 2606 663 2669 pressum
687 2608 815 2650 omnem
840 2586 1033 2671 ponderum,
1062 2610 1109 2652 re·

101 2673 254 2738 missione
282 2677 389 2738 autem
417 2673 464 2738 sic
490 2677 637 2758 urgetur,
664 2678 700 2738 ut
730 2695 763 2738 se
786 2679 926 2759 nequeat
949 2676 1109 2741 extollere.

100 2761 158 2844 at,
194 2761 221 2825 si
258 2783 370 2828 verum
406 2761 613 2846 quaerimus,
639 2763 673 2826 in
709 2763 858 2828 omnibus
891 2762 1006 2829 ciliciis
1038 2787 1107 2849 per·
1127 2778 1161 2826 55

102 2848 272 2933 sequendis
296 2850 395 2915 animi
417 2854 468 2914 est
490 2850 673 2915 adhibenda
696 2852 876 2937 contentio,
903 2873 942 2916 ea
967 2857 1016 2917 est
1039 2854 1109 2918 sola

9 2969 10 2996 l
62 2937 200 3002 ccofficii
231 2940 398 3022 tamquam
430 2938 585 3003 custodis.
640 2937 701 3004 Sed
733 2939 795 3004 hoc
821 2940 906 3004 idem
933 2939 968 3005 in
999 2941 1109 3006 dolore
1171 3005 1173 3010 .

101 3047 250 3092 maxume
277 3029 327 3090 est
354 3027 600 3109 providendum,
627 3048 668 3092 ne
695 3027 773 3112 quid
800 3028 906 3093 abiect
892 3032 937 3111 te,
964 3049 1004 3093 na
1032 3028 1109 3112 quid

101 3113 226 3197 timide,
253 3135 293 3178 ne
320 3114 435 3198 quid
424 3133 557 3216 mnam,
583 3137 625 3180 ne
652 3115 728 3199 quid
757 3117 882 3182 servilit
868 3121 918 3182 ter
946 3115 1109 3181 muliebri-

9 3243 12 3278 .
101 3205 189 3267 terve
220 3201 390 3286 faciamus,
421 3203 455 3267 in
486 3203 662 3286 primisque
693 3203 852 3270 refutetur
888 3225 925 3268 ac
956 3203 1111 3268 reiciatur

101 3287 319 3356 Philocteteus
342 3290 398 3356 ille
421 3291 553 3358 clamor.
578 3287 817 3376 Ingemescere
844 3313 911 3357 non
932 3313 1109 3375 numquam

64 3401 89 3443 ss
102 3377 171 3458 viro
198 3399 385 3444 concessum
412 3382 474 3458 est,
501 3379 597 3463 idque
624 3401 711 3462 raro,
741 3380 881 3444 eiulatus
910 3401 950 3444 ne
982 3380 1109 3445 mulieri

103 3466 239 3549 quidem.
288 3465 333 3532 nt
359 3467 414 3532 hic
436 3467 588 3532 nimirum
616 3473 666 3533 est
688 3468 796 3550 fletus,
824 3488 919 3551 quem
943 3467 1109 3533 duodecim

101 3554 232 3620 tabulae
263 3554 298 3620 iu
329 3553 495 3620 funeribus
524 3555 670 3620 adhiberi
701 3559 880 3620 vetuerunt.
933 3553 1002 3621 Nec
1033 3578 1107 3623 vero
1128 3568 1161 3617 53
