2538 3956
170 227 234 291 448
367 227 663 284 TUSCULANARUM
681 223 983 281 DISPUTATIONUM

171 390 377 455 declarabant
403 391 438 453 in
466 411 591 454 summo
621 388 767 471 sepulcro
795 385 965 470 sphaeram
993 407 1065 450 esse
1097 386 1187 469 posi·

118 497 151 546 oo
170 482 238 542 tam
256 501 328 542 eum
346 477 497 561 cylindro.
525 477 596 561 Ego
615 481 722 540 autem
736 498 809 540 curn
823 475 932 540 omnia
946 475 1187 540 conlustrarem

171 567 272 632 oculis
300 565 365 652 (est
391 567 477 629 enim
505 565 544 630 ad
571 568 682 649 portas
710 563 949 649 Agragantinas
972 583 1096 646 magna
1122 561 1187 624 fre-

171 655 303 739 quentia
321 651 566 738 sepulerorum),
588 653 731 716 animum
750 652 873 717 adverti
893 651 1100 715 columellam
1117 671 1186 713 non

145 785 148 792 ,
171 744 308 808 multum
336 764 353 807 e
380 742 485 806 dumis
513 741 720 819 eminentem,
746 741 782 804 in
808 761 870 824 qua
893 741 998 803 inerat
1022 739 1211 821 sphaeraes

170 832 274 916 figura
310 833 344 894 et
379 830 523 914 cylindri.
582 829 690 912 Atque
727 849 786 914 ego
822 827 935 892 statim
967 825 1183 908 Syracusanis

171 918 279 1003 (erant
306 923 413 983 autem
440 918 602 1002 principes
630 917 768 1002 mecum)
797 916 862 980 dixi
890 936 941 979 me
967 914 1050 978 illud
1073 914 1185 997 ipsum
1251 927 1252 968 l

172 1007 324 1072 arbitrari
348 1029 430 1086 esse,
453 1006 538 1090 quod
562 1026 755 1088 quaererem.
792 1003 923 1068 Inmissi
946 1023 1018 1067 cum
1041 1001 1185 1066 falcibus

119 1118 153 1166 oo
172 1095 267 1160 multi
288 1099 470 1179 purgarunt
489 1097 521 1156 et
540 1097 732 1176 aperuerunt
755 1093 869 1156 locum.
906 1089 1069 1166 Quocum
1092 1093 1185 1172 'pate-

170 1185 276 1248 factus
304 1186 389 1246 esset
416 1182 538 1265 aditus,
570 1181 610 1244 ad
643 1181 809 1245 adversam
841 1179 946 1244 basim
977 1178 1185 1243 accessimus.
1199 1206 1225 1244 ιο

171 1271 360 1354 Apparebat
391 1269 591 1353 epigramma
622 1270 726 1352 exesis
762 1267 1008 1352 posterioribus*
1033 1266 1185 1350 partibus
1247 1281 1252 1344 ᾔ

171 1359 402 1424 versiculorum
423 1357 600 1421 dimidiatis
623 1357 698 1422 fere.
734 1356 786 1421 Ita
803 1355 1008 1420 nobilissima
1026 1353 1184 1419 Graeciae

173 1448 295 1530 civitas,
314 1446 476 1531 qnondam
494 1467 570 1510 vero
589 1445 687 1509 etiam
708 1444 902 1528 doctissima,
922 1443 972 1507 sui
991 1443 1071 1506 civis
1085 1443 1183 1506 unius
1251 1449 1252 1516 l

172 1534 353 1622 acutissimi
382 1538 625 1600 monumentum
657 1535 852 1618 ignorasset,
883 1531 948 1597 nisi
980 1531 1020 1595 ab
1048 1528 1183 1595 homine
1251 1523 1252 1596 l

172 1623 329 1706 Arpinate
348 1622 520 1687 didicisset.
558 1621 619 1686 Sed
638 1622 761 1704 redeat,
783 1622 867 1686 unde
885 1619 1047 1684 aberravit
1066 1618 1183 1683 oratic.
1198 1645 1224 1685 15

174 1711 252 1787 Quis
276 1714 325 1776 est
349 1711 504 1794 omnium,
532 1710 587 1794 qui
610 1710 704 1774 modo
734 1730 806 1774 cum
830 1707 947 1790 Musis,
973 1707 1007 1770 id
1035 1709 1085 1770 est
1109 1728 1184 1770 cum
1251 1763 1252 1766 ,

172 1800 373 1864 humanitate
410 1802 443 1862 et
475 1819 547 1862 cum
579 1797 739 1880 doctrina,
774 1796 896 1860 habeat
933 1794 1065 1878 aliquod
1098 1815 1182 1858 com·
1251 1807 1252 1854 3

175 1889 343 1969 mercium,
367 1887 422 1970 qui
441 1907 475 1950 se
492 1908 560 1952 non
582 1886 666 1950 hune
684 1884 949 1949 mathematicum
967 1883 1062 1947 malit
1084 1904 1183 1966 quarn
1251 1881 1252 1890 ’

173 1976 266 2040 illum
288 1974 485 2058 tyrannum?
524 1971 666 2038 sivisse
689 1974 818 2038 modum
842 1973 1063 2054 actionemque
1086 1992 1182 2053 quae·
1251 2033 1252 2036 ,

173 2065 287 2145 rimus,
311 2063 442 2126 alterius
462 2083 551 2125 mens
572 2061 754 2126 rationibus
779 2061 941 2145 agitandis
965 2057 1181 2143 exquirendis·
1195 2086 1220 2124 so

175 2171 235 2234 que
255 2149 403 2214 alebatur
421 2170 493 2212 cunr
512 2148 728 2215 oblectatione
752 2148 929 2226 sollertiae,
953 2146 1008 2231 qui
1032 2150 1081 2210 eet
1100 2169 1182 2210 unus
1249 2173 1252 2198 r

175 2238 385 2303 suavissimus
416 2240 528 2320 pastus
561 2237 754 2321 animorum,
791 2236 923 2301 alterius
954 2237 990 2298 in
1022 2235 1117 2299 caede
1150 2238 1183 2298 et
1251 2277 1252 2310 ,

175 2326 302 2390 iniuriis
325 2347 398 2390 eum
421 2330 454 2390 et
476 2325 591 2391 diurno
614 2329 647 2389 et
668 2329 825 2390 nocturno
848 2327 945 2388 meta.
981 2322 1053 2407 Age
1072 2321 1183 2387 confer

174 2413 408 2497 Democritum,
435 2412 669 2498 Pythagoram,
697 2413 937 2498 Anaxagoram,
966 2433 1046 2495 quae
1072 2430 1181 2494 regna,
1251 2429 1252 2494 3

176 2525 256 2586 quas
276 2524 352 2585 opes
371 2502 486 2565 studiis
506 2523 616 2566 eorum
639 2505 671 2565 et
693 2500 959 2566 delectationibus
983 2499 1181 2583 antepones?
1194 2524 1218 2564 25

123 2613 156 2672 aa
175 2589 320 2672 Etenim,
344 2611 426 2673 quae
444 2611 527 2672 pars
539 2593 672 2672 optuma
690 2594 739 2654 est
757 2590 791 2653 in
808 2588 938 2653 homine
943 2639 952 2672 ,
974 2587 1064 2652 inea
1084 2587 1181 2650 situm

176 2700 245 2743 esse
267 2698 397 2742 neeesse
422 2681 471 2742 est
492 2678 586 2761 illud,
610 2678 694 2762 quod
717 2677 856 2760 quaeris,
878 2680 1056 2760 optumum.
1100 2674 1181 2750 Quid
1251 2681 1252 2724 ἒ

176 2770 226 2830 est
249 2769 357 2830 autem
384 2766 419 2829 in
445 2764 575 2830 homine
599 2766 708 2850 sagaci
736 2786 773 2830 ac
799 2765 885 2829 bona
914 2767 1021 2828 mente
1044 2762 1181 2827 melius?

175 2855 256 2920 Eius
278 2853 365 2918 bono
383 2853 552 2918 fruendum
571 2857 621 2917 est
643 2853 756 2937 igitur,
780 2853 809 2916 si
825 2852 914 2916 beati
932 2873 1001 2917 esse
1019 2851 1180 2933 volumus3

175 2943 297 3007 bonum
329 2945 437 3006 autern
469 2940 586 3006 mentis
620 2945 669 3006 est
701 2941 819 3024 virtus3
852 2960 928 3024 ergo
960 2939 1022 3003 hac
1054 2939 1181 3002 beatam
1194 2965 1220 3006 so

176 3031 278 3095 vitam
305 3027 463 3094 contineri
490 3050 618 3094 necesse
647 3031 704 3094 est.
749 3027 835 3093 Hinc
861 3027 982 3109 omnia,
1009 3048 1091 3111 quae
1113 3027 1181 3110 pul-

176 3118 266 3200 chra,
289 3117 440 3201 honesta,
469 3117 636 3200 praeclara
660 3119 747 3200 sunt,
770 3121 808 3181 ut
831 3137 929 3198 supra
952 3113 1030 3199 dixi,
1060 3114 1116 3179 sed
1136 3114 1180 3178 di·
1251 3139 1252 3214 p

177 3206 313 3272 cendum
336 3205 421 3270 idem
443 3205 523 3269 illud
544 3205 643 3289 paulo
666 3204 796 3269 uberius
821 3204 961 3287 videtur,
988 3203 1085 3294 plena
1107 3221 1180 3286 gau·
1214 3259 1219 3268 .

177 3295 303 3358 diorum
331 3296 414 3357 sunt.
463 3292 515 3356 Ex
539 3293 705 3376 perpetuis
730 3295 835 3356 autem
864 3292 1030 3375 plenisque
1058 3290 1179 3374 gaudiis

178 3402 250 3444 cum
276 3381 481 3464 perspicuum
509 3380 553 3443 sit
574 3381 676 3444 vitam
702 3380 831 3444 beatam
855 3379 1004 3462 existere,
1032 3377 1180 3463 sequitur,
1193 3404 1218 3445 ss

177 3471 275 3530 ntea
299 3468 416 3530 existat
439 3488 478 3530 ex
499 3466 677 3531 honestate.

124 3531 168 3656 {gt
245 3551 306 3617 Sed
324 3574 364 3618 ne
382 3553 489 3618 verbis
510 3555 614 3619 solum
638 3554 837 3637 attingamus
861 3575 912 3640 ea,
935 3553 1180 3638 quae'volumus
