2502 3960
152 237 195 302 84
407 237 700 294 AOADEMICORUM
717 239 885 296 PRIORUM

152 421 215 500 quo
238 399 334 502 modo
358 400 498 466 iudicare
522 405 685 486 oporteat,
715 422 833 502 verum,
859 402 1020 504 falsumne
1043 405 1099 488 sit,
1135 406 1170 470 si
1224 368 1246 508 l

152 487 229 571 qu1d
258 492 306 552 ita
328 509 485 554 conexum
509 494 572 573 est,
603 493 641 553 ut
662 490 737 555 hoc:
784 488 835 554 Ἧι
862 490 931 555 dres
955 497 1018 575 cst,
1049 493 1137 558 lucet
1146 499 1172 577 ',
1233 535 1246 577 5,

151 579 273 659 quanta
296 579 459 642 contentio
484 580 545 642 est!
592 578 698 642 Aliter
720 577 878 660 Diodoro,
902 579 998 645 aliter
1020 579 1169 664 Philoni,
1226 587 1242 664 32²-

151 663 336 749 Ohrysippo
360 666 456 730 aliter
477 667 592 750 placet
625 665 731 742 Quid?
755 687 828 730 cum
843 663 1007 751 Cleanthe,
1029 668 1170 734 doctore
1227 694 1246 757 p

151 754 492 926 {tedbald
508 752 1027 926 ttlttfftttt’plttttltl
1048 757 1168 910 llil?
1184 784 1246 832 ⁵

755 891 764 926 ,
1153 882 1170 894 -
1236 895 1246 904 ,.

151 929 272 1014 demus,
295 931 543 1014 †opinosissimi
566 931 725 1015 homines,
746 949 853 995 nonne
877 932 989 996 multis
1012 933 1047 996 in
1065 934 1168 998 rebus
1234 926 1246 1006 ,ζ

100 1036 151 1085 144
173 1019 390 1083 dissentiunt?
427 1019 513 1095 Quid
531 1041 582 1083 me
599 1020 715 1104 igitur,
736 1017 876 1100 Luculle,
899 1019 934 1083 in
954 1019 1111 1085 invidiam
1131 1026 1170 1086 et
1232 1015 1246 1100 L'ss}

150 1111 318 1190 tamquam
340 1107 376 1170 in
389 1108 574 1172 contionem
595 1107 714 1172 vocas?
737 1109 770 1171 et
793 1106 933 1190 quidem,
955 1112 993 1172 ut
1015 1109 1168 1174 seditiosi

151 1195 274 1259 tribuni
290 1195 404 1277 solent,
419 1196 544 1261 occludi
557 1196 710 1260 tabernas
725 1195 841 1259 iubes?
855 1216 920 1279 quo
934 1195 1020 1260 enim
1034 1201 1165 1280 spectat
1183 1227 1212 1266 ιο
1244 1255 1246 1294 ,

151 1283 241 1364 illud,
265 1304 337 1347 cum
360 1283 499 1348 artificia
520 1284 594 1370 tolli
617 1276 760 1367 quereris
784 1304 804 1346 a
825 1283 930 1368 nobis,
952 1284 1017 1348 nisi
1039 1287 1079 1349 ut
1095 1287 1168 1368 opi·
1236 1341 1246 1370 .,

151 1371 226 1434 fices
251 1371 477 1436 concitentur?
509 1372 565 1456 qui
592 1372 620 1435 si
646 1371 787 1455 undique
810 1392 921 1452 ornnes
945 1373 1169 1457 convenerint,
1234 1373 1243 1381 ’

152 1459 247 1524 facile
279 1461 394 1543 contra
420 1480 478 1524 vos
510 1460 741 1524 incitabuntur.
789 1457 989 1543 Expromam
1021 1462 1169 1544 primum

151 1547 209 1612 ille
231 1547 402 1626 invidiose,
424 1547 510 1632 quod
524 1569 577 1612 eos
592 1569 714 1631 omnes,
737 1548 793 1632 qui
807 1549 841 1613 in
855 1549 1005 1614 contione
1019 1550 1169 1632 stabunt,
1239 1551 1244 1634 f

152 1636 291 1718 exsules,
323 1658 447 1720 servos,
476 1637 612 1701 insanos
636 1657 706 1701 esse
733 1636 862 1720 dicatis3
894 1636 1006 1701 deinde
1035 1637 1076 1701 ad
1105 1638 1168 1703 illa
1184 1665 1212 1706 15
1242 1699 1246 1718 ,

150 1724 296 1802 reniam,
324 1747 406 1809 quae
429 1726 496 1789 iam
518 1746 585 1790 non
607 1725 649 1790 ad
670 1724 925 1808 multitudinem,
948 1725 1005 1790 sed
1026 1725 1067 1789 ad
1090 1748 1168 1792 vos·

151 1816 219 1880 met
249 1814 352 1897 ipsos,
385 1814 441 1897 qui
471 1813 604 1895 adestis,
634 1814 808 1896 pertinent.
852 1811 963 1897 Negat
991 1814 1076 1878 enim
1105 1837 1167 1879 vos

152 1900 248 1984 Zeno,
270 1905 371 1986 negat
393 1901 576 1966 Antiochus
599 1902 680 1964 scire
703 1902 884 1986 quicquam.
926 1900 1009 1978 ‘Quo
1032 1901 1167 1968 modo?'
1243 1909 1246 1986 ,J

152 1989 291 2073 inquies,
315 1987 386 2054 ‘nos
402 1990 487 2054 enim
500 1989 700 2054 defendimus
715 1990 815 2053 etiam
837 1989 1045 2074 insipientem
1059 1991 1168 2056 multa

100 2104 151 2155 145
174 2075 425 2160 comprendere?
451 2077 498 2142 At
516 2078 597 2142 scire
614 2079 743 2162 negatis
762 2099 955 2162 quemquam
973 2099 1041 2143 rem
1060 2078 1167 2144 ullam
1182 2109 1210 2147 ao
1245 2083 1246 2160 ζ

152 2165 218 2231 nisi
232 2166 421 2249 sapientem.
457 2165 503 2230 Et
524 2167 586 2231 hoc
600 2165 730 2250 quidem
743 2165 829 2232 Zeno
853 2170 947 2250 gestu
962 2165 1167 2233 conficiebat.
1245 2167 1246 2252 ζ

153 2253 239 2319 Nam
275 2275 347 2318 cum
376 2255 517 2318 extensis
550 2254 663 2338 digitis
697 2253 864 2319 adversam
892 2275 1024 2318 manum
1056 2259 1168 2320 osten·
1245 2261 1246 2322 ?

154 2343 254 2426 derat,
278 2341 445 2426 ‘visum',
467 2342 645 2427 inquiebat,
668 2341 773 2406 ‘huius
793 2342 880 2407 modi
898 2342 972 2428 est'3
997 2342 1071 2406 dein
1090 2363 1169 2408 curn

153 2432 302 2514 paulums‘
309 2431 429 2516 digitos
453 2434 671 2514 contraxerat,
703 2429 905 2495 ‘adsensus
928 2431 1025 2496 huius
1049 2431 1168 2496 modi?

152 2519 236 2584 Tum
250 2542 322 2584 cum
335 2520 431 2604 plane
446 2522 681 2603 compresserat
693 2539 900 2604 pugnumque
913 2518 1045 2602 fecerat,
1063 2541 1166 2584 com·
1181 2547 1210 2590 25

154 2609 399 2691 prensionem
422 2608 515 2672 illam
538 2629 609 2672 esse
631 2607 773 2690 dicebat3
805 2629 869 2691 qua
892 2629 931 2672 ex
953 2608 1169 2674 similitudine

153 2696 256 2760 etiam
278 2716 396 2759 nomen
419 2697 449 2758 ei
471 2696 527 2779 rei,
550 2695 635 2780 quod
659 2698 734 2760 ante
751 2716 818 2760 non
839 2694 954 2779 fuerat,
976 2691 1169 2779 κατάληψιν

155 2784 320 2867 imposuit.
365 2782 445 2849 Cum
474 2787 583 2849 autem
609 2783 736 2848 laevam
762 2805 894 2847 manum
921 2783 1110 2849 admoverat
1133 2790 1170 2850 et
1245 2799 1246 2806 ’

154 2873 247 2938 illum
261 2891 406 2956 pugnum
420 2875 489 2936 arte
498 2872 769 2956 vehementerque
783 2874 1026 2954 compresserat,
1041 2873 1168 2938 scien·

154 2961 251 3024 tiam
273 2960 373 3024 talem
388 2981 456 3024 esse
479 2960 619 3043 dicebat3
643 2961 733 3025 cuius
748 2962 931 3042 compotem
954 2959 1018 3024 nisi
1037 2962 1167 3046 sapien·
1183 2991 1211 3031 eo
1245 2973 1246 3014 ἒ

153 3053 223 3114 tem
246 3069 316 3114 esse
337 3049 509 3114 neminem.
546 3047 609 3114 Sed
632 3049 687 3134 qui
710 3048 838 3132 sapiens
853 3047 898 3112 sit
915 3051 972 3112 aut
993 3047 1103 3133 fucrit,
1126 3073 1168 3116 ne
1245 3077 1246 3080 ¹

154 3137 218 3221 ipsi
241 3136 370 3221 quidem
385 3136 492 3202 solent
514 3137 628 3202 dicere.
662 3137 714 3201 Ita
736 3140 773 3201 tu
794 3157 888 3220 nunc,
911 3134 1036 3220 Catule,
1058 3137 1168 3204 lucere
1245 3141 1246 3152 ³

103 3247 154 3298 146
176 3226 292 3308 nescis,
314 3245 373 3290 nec
390 3229 437 3308 tu,
459 3223 623 3308 Hortensi,
645 3226 754 3288 intua
771 3225 933 3289 villanos
957 3246 1036 3290 esse.
1078 3225 1169 3292 Num

101 3347 104 3350 ·
155 3313 261 3379 minus
284 3313 365 3378 haec
388 3313 545 3378 invidiose
569 3312 742 3377 dicuntur?
764 3333 824 3377 nec
847 3316 958 3377 tamen
979 3313 1078 3378 nimis
1102 3315 1167 3379 ele-

153 3405 283 3488 ganter,
301 3401 361 3465 illa
374 3401 533 3465 subtilius.
565 3399 628 3466 Sed
642 3421 704 3484 quo
718 3400 813 3465 modo
828 3404 874 3485 tu,
892 3401 920 3465 si
934 3402 1167 3485 comprehendi
1182 3432 1210 3473 es

155 3489 237 3554 nihil
260 3492 381 3573 posset,
404 3488 542 3553 artificia
555 3489 721 3554 concidere
743 3488 873 3554 dicebas
886 3509 945 3554 nec
963 3490 1045 3554 mihi
1064 3490 1167 3557 dabas

155 3577 203 3660 id,
235 3577 321 3660 quod
345 3576 515 3660 probabile
538 3581 638 3661 essct,
671 3577 749 3641 ratis
772 3597 927 3661 magnam
949 3578 1015 3642 vim
1044 3578 1168 3647 habere
1245 3591 1246 3594 ’
