2586 3950
161 193 225 258 188
323 193 371 248 nu
390 193 534 248 uramus
552 192 731 248 acuoauu
748 193 796 247 an
815 191 997 248 uiuorum
1030 165 1032 168 ’

159 355 301 420 mationa
330 355 439 438 aliqua
465 354 596 440 dignam
623 355 801 420 iudicamus
828 376 932 439 neque
957 376 1028 420 eam
1055 357 1166 420 tamen

159 444 193 507 in
211 443 306 508 bouis
324 444 487 527 ponimns,
509 442 607 507 iidem
626 463 792 507 censemus
808 442 933 508 nullam
951 464 1021 508 essa
1038 446 1166 508 tantam

159 531 433 615 aestimationem,
455 535 492 595 ut
514 552 553 596 ea
570 531 685 595 virtuti
709 534 933 613 anteponatur.
965 529 1058 606 Quod
1080 531 1166 596 idem

159 618 369 702 Peripatetici
394 640 461 684 non
488 623 615 701 tenent3
642 619 759 702 quibus
792 617 959 683 dicendum
991 623 1054 703 est,
1084 639 1166 703 quae

159 710 192 770 et
213 706 353 772 honesta
380 708 465 771 actio
492 707 537 771 sit
563 710 595 770 ct
622 707 691 771 sine
719 705 844 791 dolore,
873 727 944 770 eam
967 706 1072 789 magis
1095 723 1193 771 esse⁵

158 795 387 948 tntilli
411 815 565 967 illua?
581 798 677 946 12⁸0th
695 793 1018 966 situatae?
1031 794 1165 965 tlt:

108 974 264 1089 14testne
286 991 395 1036 rerum
417 971 521 1035 maior
542 992 613 1035 esse
635 969 815 1035 dissensio?

105 1106 154 1152 45·
224 1057 271 1124 Ut
293 1059 379 1124 enim
402 1059 592 1124 obscuratur
610 1062 644 1122 et
661 1057 838 1122 offunditur
859 1059 930 1123 luce
953 1058 1032 1122 solis
1055 1058 1166 1124 lumen

158 1147 320 1229 lucernae,
347 1149 380 1209 et
407 1149 444 1210 ut
469 1146 582 1211 interit
608 1148 644 1210 iu
670 1145 893 1230 magnitudino
920 1146 1019 1209 maris
1042 1145 1166 1230 Aegaei
1180 1171 1207 1210 ro

158 1233 248 1298 stilla
270 1233 390 1317 mellis,
413 1237 447 1297 et
467 1237 505 1298 ut
525 1233 560 1298 in
582 1233 704 1298 divitiis
728 1231 840 1298 Oroesi
862 1233 999 1298 teruncii
1022 1233 1164 1300 accessio

159 1324 191 1384 ct
218 1321 337 1404 gradus
364 1343 446 1386 unus
474 1321 508 1384 in
536 1342 574 1386 ea
596 1322 662 1400 via,
689 1342 770 1405 quae
793 1323 843 1385 est
871 1319 948 1386 hinc
970 1321 1006 1385 in
1027 1319 1166 1406 Indiam,

158 1409 218 1492 sic,
250 1430 322 1474 cum
356 1409 400 1473 sit
426 1409 455 1473 is
484 1409 644 1474 bonorum
670 1408 759 1492 finis,
790 1429 885 1492 quem
913 1406 1013 1474 Stoici
1045 1409 1165 1488 dicunt,

159 1497 264 1562 omnis
292 1497 357 1561 ista
383 1519 491 1583 rerum
521 1518 747 1581 corporearum
777 1497 960 1561 aestimatio
993 1497 1165 1580 splendore

157 1585 288 1650 virtutis
312 1588 345 1648 ct
367 1585 587 1669 magnitudine
615 1585 804 1649 obscuretur
830 1588 863 1649 et
890 1585 1046 1650 obruatur
1068 1589 1165 1669 atque
1180 1611 1207 1652 15
1290 1623 1291 1628 κ

157 1673 298 1738 intereat
321 1693 451 1739 necesse
474 1677 532 1738 est.
568 1672 613 1738 Et
636 1693 731 1756 quem
752 1672 941 1737 admodum
961 1675 1165 1755 oportunitas

157 1758 218 1843 (sic
245 1761 332 1824 euim
360 1761 557 1844 appellemus
584 1754 771 1844 εὐκαιρίαν)
798 1781 865 1824 non
891 1760 929 1824 fit
956 1761 1060 1826 maior
1091 1784 1166 1844 pro-

159 1847 309 1914 ductione
336 1849 492 1932 temporis
522 1847 660 1932 (habent
687 1850 773 1912 enim
800 1869 893 1912 suum
916 1848 1060 1931 modum,
1082 1870 1165 1933 quae

158 1940 320 2018 oportuna
357 1934 537 2019 dicuntur),
573 1936 620 2000 sic
656 1939 745 2000 recta
781 1935 905 2000 effectio
938 1933 1165 2020 (κατόρθωσιν

158 2024 244 2088 enim
262 2024 311 2088 ita
329 2023 468 2106 appello,
490 2024 642 2108 quoniam
659 2027 782 2088 rectum
802 2022 925 2088 factum
941 2020 1164 2109 κατόρθωμα),
1178 2051 1206 2089 so

157 2115 246 2176 recta
263 2111 366 2194 igitur
384 2111 523 2192 effectio,
544 2111 625 2177 item
644 2111 882 2194 convenientia,
904 2111 1038 2195 denique
1055 2112 1164 2196 ipsum

157 2198 290 2280 bonum,
314 2198 398 2283 quod
417 2199 451 2264 in
469 2221 506 2265 eo
525 2199 669 2282 positum
687 2202 750 2281 est,
767 2202 804 2264 ut
822 2203 957 2264 naturae
975 2201 1165 2284 consentiat,

104 2306 139 2355 46
158 2287 320 2351 crescendi
347 2287 566 2352 accessionem
588 2288 712 2352 nullam
741 2287 850 2352 habet.
894 2285 941 2352 Ut
963 2288 1048 2352 enim
1071 2309 1165 2372 opor·

157 2375 280 2439 tunitas
304 2375 374 2458 illa,
398 2375 444 2440 sic
467 2375 558 2459 haec,
587 2375 766 2459 dequibus
789 2374 867 2458 dixi,
893 2397 960 2440 nou
981 2375 1063 2439 fiunt
1084 2379 1164 2442 tem·

158 2463 247 2545 poris
270 2462 482 2545 productione
505 2464 641 2546 maiora,
669 2464 712 2528 ob
735 2483 869 2546 eamque
891 2483 1021 2527 causam
1046 2461 1163 2529 Stoicis
1178 2489 1204 2529 a
1287 2531 1288 2542 ,

157 2571 223 2615 non
254 2550 382 2615 videtur
413 2551 589 2636 optabilior
618 2572 677 2616 nec
714 2550 819 2633 magis
856 2551 1034 2633 expetenda
1067 2553 1164 2618 beata
1287 2549 1288 2568 ³

158 2637 239 2720 vita,
262 2638 291 2702 si
314 2639 491 2723 sitlonga,
513 2660 611 2723 quam
634 2639 663 2702 si
685 2639 805 2720 brevic,
831 2640 1027 2722 utunturque
1050 2640 1164 2705 simili:

157 2724 216 2807 Ut,
244 2725 272 2790 si
300 2726 449 2792 cothurni
472 2729 543 2792 laus
566 2727 624 2791 illa
647 2729 745 2809 esset,
772 2724 813 2790 ad
841 2726 956 2808 pedem
983 2731 1059 2810 apte
1088 2749 1164 2793 con·
1286 2779 1287 2796 ἶ

157 2813 279 2896 venire,
306 2835 409 2898 neque
441 2815 535 2879 multi
569 2813 718 2879 cothurni
750 2813 861 2897 paucis
893 2817 1165 2897 anteponerentur

155 2921 214 2965 nec
246 2901 385 2966 maiores
417 2903 611 2985 minoribus,
644 2901 703 2986 sic,
739 2922 875 2984 quorum
912 2923 1006 2966 omne
1042 2903 1163 2967 bonum
1177 2927 1204 2968 ao

156 2989 390 3055 convenientia.
407 2995 504 3074 atque
532 2989 752 3074 oportunitate
780 2989 904 3071 finitur,
930 3009 968 3054 eu
988 3011 1047 3054 nec
1069 2991 1164 3074 plura
1284 3013 1286 3054 ε

156 3076 363 3157 paucioribus
390 3098 449 3142 nec
476 3078 705 3161 longinquiora
735 3076 938 3141 brevioribus
969 3081 1163 3160 anteponen-

101 3193 135 3240 47
155 3168 217 3228 tur.
266 3162 336 3252 Nec
364 3187 439 3231 vero
467 3165 546 3230 satis
574 3169 667 3230 acute
691 3164 815 3229 dicunt:
846 3161 881 3230 si
903 3165 990 3230 bona
1012 3165 1164 3231 valetudo

154 3251 257 3334 pluris
286 3253 486 3317 aestimanda
514 3253 558 3317 sit
585 3253 685 3338 longa
711 3273 808 3336 quam
835 3253 959 3336 brevis,
986 3253 1164 3336 sapientiae
1284 3301 1285 3326 ,

154 3361 280 3422 quoque
312 3363 390 3406 usus
421 3341 631 3424 longissimus
664 3340 798 3424 quisque
826 3340 871 3404 sit
897 3341 1039 3424 plurimi.
1088 3339 1163 3406 Non
1177 3367 1202 3407 ss
1284 3347 1285 3356 ³

153 3427 349 3511 intellegunt
375 3427 570 3492 valetudinis
599 3428 859 3492 aestimationem
889 3429 997 3511 spatio
1020 3429 1164 3508 iudicari,

153 3514 285 3580 virtutis
313 3515 548 3600 oportunitate,
575 3519 612 3580 ut
638 3515 819 3599 videantur,
847 3517 902 3600 qui
930 3516 1013 3582 illud
1045 3516 1163 3602 dicant,
1283 3571 1284 3602 3

1220 3821 1224 3825 ·
1279 3703 1284 3923 l
