2564 3952
369 235 436 289 Lm.
456 236 475 288 Ι.
504 235 581 291 oar.
600 240 723 290 ur-ro,
753 239 908 299 soo-ea
1079 234 1144 298 315

130 401 260 481 tempus
289 396 371 460 mori
399 396 552 460 miserum
580 418 659 460 esse.
710 395 801 472 Quod
833 397 964 461 tandem
994 397 1145 480 tempus?

131 485 334 550 naturaene‘?
387 483 432 549 At
460 507 498 548 ea
526 485 653 568 quidem
684 484 772 548 dedit
794 507 923 549 usuram
947 484 1033 548 vitae
1061 491 1144 549 tam·

133 595 232 658 quam
254 573 408 657 pecuniae
431 570 521 637 nulla
543 573 739 656 praestituta
762 572 821 637 die.
859 573 942 648 Quid
963 575 1012 636 est
1035 572 1144 657 igitur,

133 662 220 746 quod
239 681 380 746 querare,
399 660 427 724 si
446 662 573 743 repetit,
592 682 664 725 cum
676 661 772 725 'volt‘l
796 682 834 725 ea
852 661 937 725 enirn
957 661 1144 725 condicione

8 751 11 778 ²
101 774 119 814 s
135 771 313 834 acceperas.
350 747 461 832 Iidem,
479 749 508 812 si
530 770 610 831 puer
627 771 746 832 parvus
766 748 896 829 occidit,
915 771 1017 832 aequo
1036 749 1143 813 animo

133 837 303 903 ferendum
321 840 451 920 putant,
475 837 502 900 si
525 838 655 901 veroin
676 837 781 919 cunis,
803 858 843 902 ne
861 836 1058 920 querendum
1076 838 1144 920 qui-

8 907 10 978 l
134 926 216 989 dem.
256 925 358 1008 Atqui
381 924 422 990 ab
447 925 508 990 hoc
531 925 676 989 acerbius
701 925 807 1009 exegit
831 929 960 1006 natura,
983 925 1068 1008 quod
1092 925 1144 988 de-

134 1014 234 1088 derat.
278 1011 432 1076 Nondum
456 1016 660 1097 gustaverat,
682 1012 799 1097 inquit,
826 1013 913 1076 vitae
937 1013 1144 1095 suavitatem3

8 1139 10 1170 ;
132 1101 189 1165 hic
211 1105 319 1165 autem
342 1101 407 1165 iam
431 1101 585 1185 sperabat
607 1121 738 1184 magna,
762 1101 878 1184 quibus
901 1100 966 1164 frui
987 1105 1144 1184 coeperat.

8 1229 10 1260 i
89 1216 120 1254 ro
135 1188 181 1253 At
199 1189 232 1252 id
250 1189 376 1272 quidem
397 1189 431 1254 in
450 1189 564 1252 ceteris
583 1189 679 1253 rebus
699 1189 813 1254 melius
832 1192 979 1274 putatur,
1002 1190 1144 1274 aliquam

8 1275 10 1360 J
134 1280 263 1360 partem
291 1299 387 1360 quam
415 1277 538 1340 nullam
572 1277 746 1361 attingere3
779 1299 834 1342 cur
866 1278 899 1342 in
931 1278 999 1342 vita
1031 1277 1144 1342 secus?

8 1371 10 1456 J
135 1365 338 1449 Quamquam
365 1386 431 1430 non
458 1365 543 1430 male
572 1365 619 1429 ait
647 1363 864 1430 Callimachus
888 1366 990 1431 multo
1016 1367 1144 1448 saepius

8 1477 9 1488 ¹
132 1454 321 1518 lacrimasse
348 1452 513 1517 Priamum
541 1475 639 1537 quam
666 1453 819 1519 Troilum.
872 1453 995 1518 Eorum
1029 1458 1145 1535 autem,

112 1543 192 1626 =qui
215 1546 327 1606 exacta
348 1544 455 1624 aetate
479 1543 674 1625 moriuntur,
699 1542 831 1606 fortuna
853 1541 1012 1606 laudatur.
1057 1540 1143 1605 Cur?
1164 1565 1198 1611 94

91 1656 120 1694 15
134 1651 224 1711 nam,
246 1651 333 1712 reor,
355 1629 467 1713 nullis,
490 1629 518 1694 si
537 1630 606 1694 vita
624 1630 754 1714 longior
773 1629 919 1711 daretur,
942 1633 1053 1713 posset
1074 1651 1144 1694 esse

9 1765 10 1770 η
133 1717 310 1784 iucundior.
354 1717 446 1782 Nihil
469 1718 553 1782 enim
577 1721 627 1782 est
656 1717 802 1801 profecto
825 1716 952 1781 homini
974 1715 1144 1800 prudentia

134 1805 269 1888 dulcius5
292 1815 398 1890 quam,
421 1810 459 1869 ut
476 1809 583 1870 cetera
601 1805 735 1889 auferat,
758 1805 863 1869 adfert
881 1809 967 1869 certe
988 1808 1145 1870 senectus.

135 1894 225 1970 Quae
248 1916 324 1959 vero
348 1898 435 1959 aetas
463 1894 563 1978 longa
593 1898 655 1977 est,
683 1897 740 1958 aut
763 1893 839 1976 quid
867 1894 998 1958 omnino
1020 1893 1145 1958 homini

133 1982 290 2068 longum?
313 2003 419 2046 nonne

9 2153 10 2182 p
62 2095 121 2171 'ao
202 2105 313 2169 Modo
340 2127 496 2190 pueros,
523 2106 632 2170 modo
663 2106 934 2171 adulescentes
961 2103 1000 2170 in
1033 2127 1145 2170 cursu

674 2217 694 2259 a
715 2199 826 2278 tergo
848 2191 1055 2277 insequens

202 2281 279 2346 Neo
304 2282 504 2365 opinantis
530 2282 712 2347 adsecuta
736 2286 792 2346 est

18 2414 28 2432 ⁸
136 2420 307 2488 senectus?
344 2421 406 2488 sed
429 2423 506 2506 quia
527 2423 613 2486 ultra
631 2422 714 2486 nihil
733 2422 902 2505 habemus,
926 2422 988 2487 hoo
1012 2423 1146 2506 longum

136 2513 283 2576 dicimus.
319 2510 435 2576 Omnia
453 2511 531 2593 ista,
553 2509 686 2594 perinde
704 2513 741 2573 ut
759 2509 874 2593 cuique
893 2510 969 2573 data
988 2512 1064 2575 sunt
1086 2533 1145 2594 pro

136 2604 209 2692 rata
231 2603 337 2683 parte,
362 2599 410 2664 ita
433 2601 489 2662 aut
511 2599 610 2682 longa
634 2601 690 2661 aut
713 2597 824 2662 brevia
846 2597 1003 2662 dicuntur.
1048 2597 1146 2682 Apud

11 2753 12 2758 ,
95 2713 122 2754 as
136 2683 305 2772 Hypanim
333 2687 480 2769 fiuvium,
508 2687 563 2774 qui
591 2687 632 2750 ab
655 2685 805 2769 Europae
833 2686 982 2769 partein
1005 2686 1145 2751 Pontum

135 2777 255 2860 influit,
284 2775 476 2840 Aristoteles
503 2775 549 2838 ait
575 2774 731 2839 bestiolas
755 2774 912 2858 quasdam
933 2774 1036 2858 nasci,
1064 2797 1145 2859 quae

135 2886 236 2928 unum
260 2864 344 2928 diem
367 2863 486 2927 vivant.
536 2861 586 2927 Ex
613 2862 665 2926 his
693 2862 794 2947 igitur
816 2861 900 2943 hora
921 2865 1035 2928 octava
1064 2885 1145 2947 quae

136 2955 265 3016 mortua
293 2955 356 3033 est,
383 2955 536 3034 provecta
563 2953 669 3015 aetate
701 2953 830 3016 mortua
861 2954 923 3034 est3
957 2973 1038 3034 quae
1069 2971 1145 3015 vero

136 3040 303 3106 occidente
322 3039 399 3122 sole,
418 3038 588 3122 decrepita,
611 3061 649 3104 eo
668 3038 781 3124 magis,
805 3039 833 3102 si
857 3039 955 3103 etiam
979 3038 1145 3103 solstitiali

96 3154 123 3196 ro
136 3128 197 3193 die.
226 3127 346 3192 Confer
359 3131 506 3192 nostram
523 3127 748 3211 longissimam
763 3130 904 3190 aetatem
918 3149 990 3191 cum
1010 3126 1145 3190 aeterni·

137 3221 223 3298 tate}
245 3216 280 3280 in
307 3215 419 3281 eadem
445 3214 676 3298 propemodum
704 3214 877 3296 brevitate,
905 3235 968 3298 qua
995 3214 1070 3278 illae
1093 3214 1145 3276 be·

138 3305 267 3388 stiolae‚
290 3304 493 3387 reperiemur.

205 3391 457 3456 Contemnamus
484 3391 585 3475 igitur
613 3391 717 3455 omnis
751 3391 891 3473 ineptias
925 3386 1026 3474 (quod
1058 3390 1144 3454 enim
1154 3369 1199 3474 49

136 3481 240 3546 levius
267 3479 343 3544 huic
369 3479 495 3543 levitati
516 3499 635 3542 nomen
662 3477 864 3561 imponam?)
891 3480 1056 3561 totamque
1081 3447 1198 3542 vi1n⁹⁰

84 3569 219 3636 arbone
246 3565 373 3632 vivendi
401 3566 436 3630 in
463 3566 562 3630 animi
589 3566 706 3629 robore
733 3586 770 3629 ao
798 3564 1019 3647 magnitudine
1050 3569 1083 3629 et
1111 3566 1145 3628 in
