2564 3950
311 181 379 236 ΜΒ.
398 182 419 234 1.
448 179 525 235 can.
544 187 888 246 4r-4o.a11,3-11a
1039 179 1105 245 325
1201 131 1244 186 Ἰ

88 365 159 409 non
192 344 297 410 solum
334 345 493 428 gloriosae
526 343 724 428 rhetoribus,
762 342 818 407 sed
855 344 956 407 etiam
990 343 1105 408 beatae

91 431 196 497 videri
228 432 341 497 solent.
394 431 559 516 Repetunt
587 432 629 496 ab
656 429 853 514 Erechtheo,
885 433 974 495 onius
1005 433 1104 496 etiam

90 520 180 586 filiae
208 520 322 602 cupide
353 523 492 586 mortem
524 519 750 604 expetiverunt
780 540 839 602 pro
872 520 941 584 vita
972 519 1103 602 oinium3

92 606 236 673 Codrum
259 613 507 694 commemorant,
530 609 585 692 qui
607 629 640 672 se
664 608 698 672 in
716 606 838 672 medios
857 607 983 672 inmisit
999 606 1104 673 hostis

57 701 182 763 sveste
213 696 383 780 famulari,
413 718 454 761 ne
482 700 593 780 posset
622 696 788 780 adgnosci,
819 695 847 760 si
874 700 961 760 esset
988 700 1104 762 ornatu

91 784 197 869 regio,
225 785 311 868 quod
339 785 503 851 oraculum
527 788 597 849 erat
625 784 749 866 datum,
777 784 806 847 si
832 805 889 848 rex
915 784 1103 849 interfectus

91 877 192 952 esset,
214 873 364 938 victrices
383 872 531 936 Athenas
548 871 627 937 fore.
664 870 853 936 Menoeceus
875 894 941 937 non
963 876 1104 956 praeter-

91 961 248 1044 mittitur,
275 961 330 1044 qni
358 961 437 1025 item
465 961 596 1026 oraonlo
624 959 710 1024 edito
739 960 879 1044 largitus
903 965 953 1024 est
979 961 1104 1044 patriae

92 1047 188 1114 suum
212 1051 410 1134 sangninem.
448 1047 620 1133 Iphigenia
642 1047 759 1112 Aulide
783 1048 855 1113 duci
879 1069 913 1113 ae
936 1049 1104 1113 immolan-

44 1137 168 1204 1o'dam
198 1137 300 1221 iubet,
331 1136 387 1202 ‘ut
413 1137 582 1202 hostium
611 1136 793 1201 eliciatur
821 1135 908 1202 suo?
961 1136 1105 1202 Veniunt

91 1225 168 1290 inde
192 1224 233 1289 ad
255 1226 417 1309 propiora.
456 1223 652 1289 Harmodius
681 1225 716 1289 in
744 1245 799 1289 ore
821 1230 866 1291 est
886 1229 920 1289 et
943 1225 1103 1310 Aristogi-
1114 1226 1157 1290 49

89 1318 166 1397 ton3
189 1312 461 1378 Lacedaemonius
480 1311 651 1395 Leonidas,
671 1312 844 1377 Thebanus
863 1313 1105 1398 Epaminondas

91 1401 191 1486 viget.
236 1400 375 1466 Nostros
398 1423 464 1467 non
486 1403 618 1484 norunt,
642 1422 722 1485 quos
742 1422 927 1465 enumerare
951 1423 1105 1486 magnum

94 1494 159 1574 est;
182 1490 230 1554 ita
252 1493 339 1554 sunt.
352 1489 460 1572 multi,
490 1490 607 1573 quibus
630 1488 775 1553 videmus
803 1489 958 1573 optabilis
984 1493 1105 1556 mortes

47 1605 76 1644 15
91 1577 195 1642 fuisse
219 1600 291 1642 oum
314 1578 430 1662 gloria.
737 1645 740 1653 ¹

162 1664 251 1741 Quae
275 1688 347 1730 enm
375 1666 423 1730 ita
446 1666 525 1748 sint,
552 1687 673 1751 magna
695 1669 805 1730 tamen
828 1666 1011 1749 eloquentia
1034 1671 1084 1732 est
1107 1683 1157 1732 117

91 1754 249 1819 utendum
277 1757 373 1837 atque
400 1754 449 1818 ita
471 1754 561 1818 velut
588 1754 753 1837 superiore
777 1777 794 1819 e
823 1753 895 1819 looo
919 1754 1105 1820 contionan-

92 1843 184 1926 dum,
216 1847 253 1906 nt
283 1841 431 1907 homines
464 1845 602 1908 mortem
634 1842 686 1906 vel
719 1845 830 1925 optare
862 1842 1022 1926 incipiant
1053 1844 1105 1907 vel

92 1933 180 1996 certe
212 1925 330 1995 timere
359 1930 526 1994 desistant.
579 1929 665 1995 Nam
697 1930 725 1994 si
754 1951 922 2014 supremus
952 1931 1008 1995 ille
1037 1931 1105 1995 dies

49 2040 159 2086 eonon
195 2018 439 2104 extinctionem,
476 2019 531 2084 sed
569 2019 855 2084 commutationem
891 2018 998 2084 adfert
1034 2019 1106 2103 loei,

91 2106 171 2190 quid
199 2107 399 2190 optabilius?
428 2107 480 2171 sin
507 2111 615 2172 autem
637 2107 768 2191 perimit
791 2128 829 2172 ao
856 2106 943 2172 delet
965 2108 1106 2192 omnino,

92 2194 172 2278 quid
199 2195 314 2260 melius
342 2217 439 2279 quam
465 2196 501 2259 in
527 2194 641 2259 mediis
672 2195 759 2259 vitae
791 2195 958 2260 laboribus
991 2195 1106 2260 obdor-

92 2283 228 2347 misoere
247 2287 281 2346 et
298 2283 345 2347 ita
363 2283 566 2348 coniventem
581 2304 695 2352 somno
710 2284 873 2367 oonsopiri
887 2284 1105 2366 sempiterno?

94 2370 189 2446 Quod
212 2371 240 2435 si
262 2370 335 2456 fiat,
358 2371 473 2436 melior
495 2371 593 2435 Ennii
617 2393 713 2454 quam
733 2368 862 2436 Solonis
886 2371 1000 2436 oratio.
1043 2370 1106 2435 Hie

54 2488 79 2526 ns
95 2460 183 2523 eninr
206 2463 331 2525 noster:

26 2619 27 2626 ,
138 2563 256 2629 Nemo
276 2586 332 2634 me
354 2565 527 2630 laorimis
552 2564 721 2648 decoret,
744 2565 863 2650 inquit,
884 2587 952 2630 neo
970 2567 1105 2631 funera

917 2653 1017 2718 fletu

183 2741 309 2806 Parit!

96 2857 143 2920 At
165 2877 241 2920 vero
265 2856 321 2920 ille
346 2856 488 2940 sapiens:

95 2960 197 3025 Mors
216 2982 297 3026 mea
314 2982 359 3025 ne
378 2964 511 3026 eareat
528 2962 712 3045 laorimis3
730 2962 949 3046 linquamus
969 2965 1103 3029 amieis

30 3063 82 3136 Q³⁰
138 3047 363 3132 Maerorem,
390 3053 432 3113 ut
460 3050 656 3116 eelebrent
685 3051 822 3117 funera
845 3073 926 3115 oum
949 3053 1104 3136 gemitu.

31 3157 33 3192 ¹
95 3163 163 3229 Nos
182 3183 268 3248 vero,
288 3164 316 3227 ai
335 3163 411 3248 quid
429 3164 494 3228 tale
513 3165 674 3248 acciderit,
692 3168 763 3229 uta
780 3165 840 3230 deo
859 3165 1082 3230 denuntiatum
1106 3180 1157 3228 118

96 3252 254 3335 videatur,
282 3255 319 3316 ut
342 3273 490 3316 exeamus
519 3254 640 3338 evita,
671 3254 747 3318 laeti
771 3259 803 3318 et
826 3257 958 3338 agentes
980 3255 1103 3338 gratias

96 3361 264 3424 pareamus
292 3340 459 3424 emittique
485 3362 545 3404 nos
574 3363 591 3406 e
620 3341 767 3407 onstodia
795 3345 827 3406 ot
857 3341 959 3408 levari
988 3342 1103 3407 vinolis

96 3429 302 3511 arbitremur,
330 3430 366 3492 nt
394 3432 450 3492 aut
476 3429 512 3493 in
534 3432 698 3494 aeternam
725 3434 757 3493 et
783 3430 879 3513 plane
902 3430 936 3494 in
957 3434 1104 3495 nostram

59 3544 83 3584 es
97 3517 226 3582 domum
249 3517 459 3603 remigremus
484 3519 649 3583 automni
668 3539 762 3583 sensu
786 3518 996 3601 molestiaque
1019 3540 1103 3582 eore-
