2586 3950
157 226 221 290 134
319 227 367 280 nn
386 187 531 281 smnus
548 226 729 282 uenenum
747 228 795 282 nu
814 228 996 285 1111011111

153 389 285 453 liberius
318 389 359 453 ab
393 410 430 453 eo
463 388 613 454 dicuntur
645 392 677 452 et
709 390 846 473 saepius.
896 388 989 465 Quod
1016 392 1163 475 equidem

152 497 219 541 11011
236 476 407 560 reprend03
426 480 475 541 est
489 479 574 542 enim
593 479 677 542 tanti
694 477 881 561 philosophi
897 482 1028 562 tamque
1042 479 1163 544 nobilis

108 623 115 637 ,
154 565 304 629 audacter
332 586 389 629 sua
421 565 548 630 decreta
579 564 757 630 defendere.
811 563 873 631 Sed
904 569 1013 632 tamen
1045 588 1084 630 ex
1115 589 1162 651 eo,
1276 589 1278 638 1

154 652 240 736 quod
268 675 340 718 eam
366 652 578 737 voluptatem,
610 675 706 736 quam
733 675 844 719 omnes
874 657 986 738 gentes
1013 654 1074 719 hoc
1105 677 1163 722 not
1274 711 1278 732 ,

153 741 240 805 mine
264 741 443 824 appellant,
466 740 594 805 videtur
618 741 793 824 amplexari
812 763 909 824 saepe
931 741 1189 826 vehementius,5

153 828 188 894 in
217 829 343 913 magnis
371 829 534 892 interdum
561 832 708 893 versatur
731 830 906 913 angustiis,
935 833 972 893 ut
993 829 1160 895 hominum

153 917 349 982 conscientia
376 920 501 982 remota
528 916 611 981 nihil
637 919 707 980 tam
734 920 827 1001 turpe
857 918 914 1001 sit,
944 918 1028 1001 qued
1050 920 1161 1002 volup-

152 1004 232 1069 tatis
260 1027 357 1069 causa
382 1026 448 1070 ncn
475 1003 623 1069 videatur
650 1025 719 1068 esse
742 1005 894 1069 facturus.
938 1003 1078 1089 Deinde,
1105 1007 1162 1071 ubi

153 1092 282 1156 erubuit
312 1091 375 1177 (vis
408 1092 493 1158 enim
526 1095 575 1156 est
605 1113 781 1177 permagna
818 1092 981 1177 naturae),
1017 1095 1163 1178 confugit

151 1180 236 1261 illuc,
255 1183 292 1244 ut
309 1183 407 1264 neget
425 1180 574 1245 accedere
597 1181 768 1264 quicquam
787 1203 882 1264 posse
901 1181 941 1246 ad
959 1182 1161 1265 voluptatem
1176 1210 1205 1248 10

151 1267 235 1332 nihil
253 1267 403 1332 dolentis.
440 1268 485 1332 At
505 1269 567 1332 iste
584 1289 650 1332 non
673 1269 800 1333 dolendi
819 1272 923 1333 status
942 1291 1009 1334 ncn
1028 1275 1162 1335 vocatur

152 1353 309 1438 voldptas.
359 1354 434 1420 Non
461 1355 588 1440 laboro,
614 1355 735 1440 inquit,
763 1356 802 1420 de
830 1357 967 1421 nomine.
995 1395 1038 1402 —
1068 1357 1162 1436 Quid,

152 1444 238 1526 quod
265 1465 317 1508 res
340 1443 404 1507 alia
430 1447 501 1508 tota
529 1443 600 1508 est?
624 1480 665 1490 -—
688 1443 860 1528 Reperiam
884 1445 1017 1527 multos,
1040 1447 1091 1509 vel
1113 1446 1162 1510 in·

151 1531 368 1596 numerabiles
394 1532 517 1616 potius,
542 1553 608 1596 non
640 1536 709 1596 tam
737 1531 881 1597 curiosos
908 1553 966 1596 nec
994 1537 1063 1598 tam
1093 1554 1161 1598 mo-

151 1619 268 1697 lestos,
291 1641 387 1703 quam
410 1642 468 1686 vos
492 1619 583 1703 estis,
606 1620 736 1703 quibua,
759 1620 908 1703 quicquid
930 1620 1039 1704 velim,
1065 1620 1162 1685 facile
1176 1645 1203 1685 1⁵

151 1706 370 1790 persuadeam.
386 1737 437 1754 ¹—
468 1707 551 1784 Quid
578 1727 656 1791 ergo
683 1708 883 1791 dubitamus,
914 1708 1005 1792 quin,
1037 1709 1065 1773 si
1096 1730 1161 1773 non

152 1795 259 1860 delere
278 1797 426 1878 uoluptas
446 1797 488 1860 sit
507 1817 641 1879 summa,
658 1818 725 1859 non
743 1817 812 1859 esse
830 1795 865 1860 in
882 1797 1049 1878 voluptate
1068 1797 1160 1861 dolor
1188 1835 1191 1843 ·
1279 1867 1280 1870 Ἴ

152 1883 196 1948 111
219 1883 398 1947 maximus?
422 1905 479 1949 cur
500 1906 566 1949 non
587 1883 622 1947 id
644 1883 692 1946 ita
714 1882 772 1947 fit?
796 1920 838 1930 -—
862 1883 947 1958 Quia
968 1882 1072 1948 dolori
1094 1905 1159 1948 non

100 1972 302 2100 10uoluptas
326 1972 488 2036 centraria
510 1975 573 2072 est,
596 1971 651 2034 sed
673 1970 794 2071 doloris
817 1971 966 2055 privatio.

99 2057 495 2229 2⁹.01u{ll'.⁰al“l1d¹t¹‚¹
520 2058 1160 2230 {d‘suaz¹¹l.⁹..?‘}2mdtldd}
1175 2084 1202 2124 ²⁰

152 2234 296 2317 omnine,
320 2233 396 2316 quid
419 2234 463 2298 sit
481 2234 617 2300 bonum!
641 2232 727 2318 (eam
746 2238 855 2298 autem
878 2235 926 2300 ita
944 2235 1160 2321 persequitur:

151 2344 232 2407 quae
260 2322 371 2405 palate
399 2321 611 2406 percipiatur,
639 2343 720 2406 quae
748 2322 893 2406 auribus,
926 2327 1031 2388 cetera
1063 2323 1161 2406 addit,

152 2431 234 2494 quae
266 2409 294 2473 si
327 2410 483 2494 appelles,
514 2409 618 2474 henos
649 2409 843 2492 praefandus
877 2407 933 2497 sit)
960 2410 1022 2475 hec
1051 2412 1161 2496 igitur,

151 2498 236 2582 quod
273 2498 379 2562 solum
415 2497 537 2564 bonum
574 2519 703 2562 severus
741 2501 774 2562 et
805 2499 914 2583 gravis
946 2498 1158 2582 philosophus
1173 2523 1201 2564 aa

150 2585 254 2668 novit,
286 2586 372 2650 idem
402 2607 470 2650 non
500 2585 588 2651 videt
614 2607 654 2650 ne
683 2585 895 2669 expetendum
924 2585 1051 2670 quidem
1082 2607 1160 2670 esse,

151 2672 236 2757 quod
268 2694 340 2737 eam
371 2674 571 2758 uoluptatem
597 2672 660 2738 hcc
691 2673 804 2738 ecdem
831 2677 961 2738 auctare
983 2695 1049 2738 non
1079 2675 1160 2739 desi-

150 2761 310 2844 deremus,
346 2783 420 2824 cum
459 2761 570 2825 dolore
603 2781 777 2824 careamus.
833 2761 937 2836 Quam
968 2760 1048 2826 haec
1085 2766 1162 2827 sunt

59 2889 63 2896 -
98 2871 133 2920 30
152 2848 326 2913 contraria!
380 2847 444 2912 Hic
471 2848 499 2912 si
526 2846 672 2931 definire,
700 2849 728 2911 si
756 2847 896 2912 dividere
926 2848 1104 2931 didicisset,
1132 2849 1160 2914 si

151 2936 302 3020 loquendi
338 2936 418 3019 vim,
455 2936 484 3000 si
520 2935 654 3019 denique
692 2936 957 3000 consuetudinem
988 2937 1161 3001 verborum
1175 2962 1202 3003 10

151 3027 288 3108 teneret,
310 3045 487 3107 numquam
505 3024 539 3088 in
560 3028 669 3088 tantas
693 3023 837 3088 salebras
857 3023 1030 3089 incidisset.
1065 3022 1161 3090 Nunc

151 3113 254 3191 vides,
278 3111 354 3196 quid
376 3111 484 3176 faciat.
538 3111 642 3187 Quam
664 3133 760 3176 nemo
783 3133 938 3195 umquam
960 3113 1162 3195 voluptatem

152 3201 342 3286 appellavit,
360 3200 518 3283 appellat,
542 3220 623 3282 quae
641 3199 704 3263 duo
724 3202 814 3283 sunt,
831 3221 930 3264 unum
948 3199 1036 3266 facit.
1068 3200 1161 3265 Hanc

150 3291 184 3353 in
216 3293 307 3353 motu
338 3288 540 3370 voluptatem
568 3284 628 3370 (sic
660 3287 747 3351 enim
775 3287 835 3352 has
864 3308 979 3352 suaves
1007 3293 1041 3353 et
1069 3290 1162 3372 quasi

151 3376 258 3441 dulces
287 3377 470 3458 voluptates
494 3371 652 3460 appellat)
675 3375 837 3440 interdum
864 3376 912 3440 ita
934 3380 1099 3459 extenuat,
1125 3379 1163 3439 ut
1176 3402 1203 3442 aa

151 3463 203 3528 Μ’.
223 3461 353 3529 Curium
377 3467 471 3548 putes
489 3462 592 3548 loqui,
615 3463 776 3528 interdurn
799 3464 847 3528 ita
869 3463 993 3548 laudat,
1017 3468 1061 3547 ut,
1085 3463 1162 3548 quid

151 3555 317 3634 praeterea
341 3552 385 3616 sit
406 3553 541 3636 bonum,
562 3555 660 3636 neget
683 3573 716 3616 se
739 3573 835 3636 posse
854 3573 894 3616 ne
914 3551 1071 3636 suspicari
1094 3551 1162 3635 qui-
