<?xml version="1.0" encoding="UTF-8"?>
<!DOCTYPE html PUBLIC "-//W3C//DTD XHTML 1.0 Transitional//EN"
    "http://www.w3.org/TR/xhtml1/DTD/xhtml1-transitional.dtd">
<html xmlns="http://www.w3.org/1999/xhtml" xml:lang="en" lang="en">
 <head>
  <title>
</title>
<meta http-equiv="Content-Type" content="text/html;charset=utf-8" />
  <meta name='ocr-system' content='tesseract 3.04.00' />
  <meta name='ocr-capabilities' content='ocr_page ocr_carea ocr_par ocr_line ocrx_word'/>
</head>
<body>
  <div class='ocr_page' id='page_1' title='image "./scriptaquaemans00unkngoog_0393.png"; bbox 0 0 2564 3952; ppageno 0'>
   <div class='ocr_carea' id='block_1_1' title="bbox 154 203 966 274">
    <p class='ocr_par' dir='ltr' id='par_1_1' title="bbox 154 203 966 274">
     <span class='ocr_line' id='line_1_1' title="bbox 154 203 966 274; baseline -0.018 0"><span class='ocrx_word' id='word_1_1' title='bbox 154 211 220 274; x_wconf 86' lang='lat'><strong>340</strong></span> <span class='ocrx_word' id='word_1_2' title='bbox 349 208 646 266; x_wconf 82' lang='lat' dir='ltr'>TUSCULANARUM</span> <span class='ocrx_word' id='word_1_3' title='bbox 665 203 966 261; x_wconf 83' lang='lat' dir='ltr'>DISPUTATIONUM</span> 
     </span>
    </p>
   </div>
   <div class='ocr_carea' id='block_1_2' title="bbox 101 365 1275 1690">
    <p class='ocr_par' dir='ltr' id='par_1_2' title="bbox 151 365 1275 899">
     <span class='ocr_line' id='line_1_2' title="bbox 152 365 1163 457; baseline -0.008 -20"><span class='ocrx_word' id='word_1_4' title='bbox 152 372 386 457; x_wconf 78' lang='lat' dir='ltr'>comitibusque</span> <span class='ocrx_word' id='word_1_5' title='bbox 414 373 496 456; x_wconf 88' lang='lat' dir='ltr'><strong>cius,</strong></span> <span class='ocrx_word' id='word_1_6' title='bbox 522 369 741 455; x_wconf 82' lang='lat' dir='ltr'><strong>magnitudini</strong></span> <span class='ocrx_word' id='word_1_7' title='bbox 770 367 883 450; x_wconf 88' lang='lat' dir='ltr'><strong>animi,</strong></span> <span class='ocrx_word' id='word_1_8' title='bbox 910 365 1079 451; x_wconf 84' lang='lat' dir='ltr'><strong>gravitati,</strong></span> <span class='ocrx_word' id='word_1_9' title='bbox 1106 385 1163 448; x_wconf 83' lang='lat' dir='ltr'><strong>pa·</strong></span> 
     </span>
     <span class='ocr_line' id='line_1_3' title="bbox 151 453 1163 545; baseline -0.008 -20"><span class='ocrx_word' id='word_1_10' title='bbox 151 461 298 545; x_wconf 83' lang='lat' dir='ltr'><strong>tientiae,</strong></span> <span class='ocrx_word' id='word_1_11' title='bbox 325 483 433 525; x_wconf 88' lang='lat' dir='ltr'><strong>rerum</strong></span> <span class='ocrx_word' id='word_1_12' title='bbox 460 460 675 524; x_wconf 88' lang='lat' dir='ltr'><strong>humanarum</strong></span> <span class='ocrx_word' id='word_1_13' title='bbox 707 455 937 540; x_wconf 85' lang='lat' dir='ltr'><strong>despicientiae</strong></span> <span class='ocrx_word' id='word_1_14' title='bbox 968 475 1031 538; x_wconf 90' lang='lat' dir='ltr'><strong>quo</strong></span> <span class='ocrx_word' id='word_1_15' title='bbox 1064 453 1163 518; x_wconf 90' lang='lat' dir='ltr'><strong>modo</strong></span> 
     </span>
     <span class='ocr_line' id='line_1_4' title="bbox 151 541 1275 634; baseline -0.007 -21"><span class='ocrx_word' id='word_1_16' title='bbox 151 549 383 634; x_wconf 81' lang='lat' dir='ltr'><strong>respondebis?</strong></span> <span class='ocrx_word' id='word_1_17' title='bbox 406 548 596 613; x_wconf 87' lang='lat' dir='ltr'><strong>adflictusne</strong></span> <span class='ocrx_word' id='word_1_18' title='bbox 615 551 648 610; x_wconf 90' lang='lat' dir='ltr'><strong>et</strong></span> <span class='ocrx_word' id='word_1_19' title='bbox 669 547 778 610; x_wconf 88' lang='lat' dir='ltr'><strong>iacens</strong></span> <span class='ocrx_word' id='word_1_20' title='bbox 800 549 834 609; x_wconf 87' lang='lat' dir='ltr'><strong>et</strong></span> <span class='ocrx_word' id='word_1_21' title='bbox 856 541 1060 608; x_wconf 79' lang='lat' dir='ltr'><strong>lamentabili</strong></span> <span class='ocrx_word' id='word_1_22' title='bbox 1083 563 1164 606; x_wconf 86' lang='lat' dir='ltr'><strong>voce</strong></span> <span class='ocrx_word' id='word_1_23' title='bbox 1273 573 1275 616; x_wconf 65' lang='grc' dir='ltr'><strong>ς</strong></span> 
     </span>
     <span class='ocr_line' id='line_1_5' title="bbox 152 630 1163 722; baseline -0.008 -21"><span class='ocrx_word' id='word_1_24' title='bbox 152 638 323 722; x_wconf 77' lang='lat' dir='ltr'><strong>deplorans</strong></span> <span class='ocrx_word' id='word_1_25' title='bbox 342 636 466 702; x_wconf 87' lang='lat' dir='ltr'><strong>audies:</strong></span> <span class='ocrx_word' id='word_1_26' title='bbox 489 635 533 700; x_wconf 64' lang='grc' dir='ltr'>Ὀ</span> <span class='ocrx_word' id='word_1_27' title='bbox 552 635 656 700; x_wconf 82' lang='lat' dir='ltr'><strong>virum</strong></span> <span class='ocrx_word' id='word_1_28' title='bbox 678 631 850 698; x_wconf 76' lang='lat' dir='ltr'><strong>forteml&#39;?</strong></span> <span class='ocrx_word' id='word_1_29' title='bbox 882 631 927 695; x_wconf 84' lang='lat' dir='ltr'><strong>Te</strong></span> <span class='ocrx_word' id='word_1_30' title='bbox 946 652 1022 695; x_wconf 87' lang='lat' dir='ltr'><strong>vero</strong></span> <span class='ocrx_word' id='word_1_31' title='bbox 1040 630 1089 694; x_wconf 87' lang='lat' dir='ltr'><strong>ita</strong></span> <span class='ocrx_word' id='word_1_32' title='bbox 1107 630 1163 694; x_wconf 85' lang='lat' dir='ltr'><strong>ad·</strong></span> 
     </span>
     <span class='ocr_line' id='line_1_6' title="bbox 151 718 1189 808; baseline -0.008 -18"><span class='ocrx_word' id='word_1_33' title='bbox 151 725 272 790; x_wconf 88' lang='lat' dir='ltr'><strong>fectum</strong></span> <span class='ocrx_word' id='word_1_34' title='bbox 289 748 330 790; x_wconf 90' lang='lat' dir='ltr'><strong>ne</strong></span> <span class='ocrx_word' id='word_1_35' title='bbox 348 726 455 790; x_wconf 86' lang='lat' dir='ltr'><strong>virum</strong></span> <span class='ocrx_word' id='word_1_36' title='bbox 474 724 600 808; x_wconf 90' lang='lat' dir='ltr'><strong>quidem</strong></span> <span class='ocrx_word' id='word_1_37' title='bbox 621 723 790 807; x_wconf 85' lang='lat' dir='ltr'><strong>quisquam</strong></span> <span class='ocrx_word' id='word_1_38' title='bbox 801 719 933 786; x_wconf 85' lang='lat' dir='ltr'><strong>dixerit.</strong></span> <span class='ocrx_word' id='word_1_39' title='bbox 969 718 1189 789; x_wconf 75' lang='lat' dir='ltr'><strong>Amittenda5</strong></span> 
     </span>
     <span class='ocr_line' id='line_1_7' title="bbox 151 807 929 899; baseline -0.01 -21"><span class='ocrx_word' id='word_1_40' title='bbox 151 815 253 899; x_wconf 84' lang='lat' dir='ltr'><strong>rgitur</strong></span> <span class='ocrx_word' id='word_1_41' title='bbox 274 813 430 880; x_wconf 84' lang='lat' dir='ltr'><strong>fortitudo</strong></span> <span class='ocrx_word' id='word_1_42' title='bbox 453 816 503 877; x_wconf 85' lang='lat' dir='ltr'><strong>est</strong></span> <span class='ocrx_word' id='word_1_43' title='bbox 527 814 583 876; x_wconf 89' lang='lat' dir='ltr'><strong>aut</strong></span> <span class='ocrx_word' id='word_1_44' title='bbox 606 809 807 894; x_wconf 87' lang='lat' dir='ltr'><strong>sepeliendus</strong></span> <span class='ocrx_word' id='word_1_45' title='bbox 830 807 929 873; x_wconf 90' lang='lat' dir='ltr'><strong>dolor.</strong></span> 
     </span>
    </p>

    <p class='ocr_par' dir='ltr' id='par_1_3' title="bbox 102 895 1203 1250">
     <span class='ocr_line' id='line_1_8' title="bbox 102 895 1165 987; baseline -0.011 -17"><span class='ocrx_word' id='word_1_46' title='bbox 102 907 144 970; x_wconf 91' lang='grc'><strong>14</strong></span> <span class='ocrx_word' id='word_1_47' title='bbox 218 903 344 987; x_wconf 81' lang='lat' dir='ltr'><strong>Ecquid</strong></span> <span class='ocrx_word' id='word_1_48' title='bbox 361 903 423 967; x_wconf 87' lang='lat' dir='ltr'><strong>scis</strong></span> <span class='ocrx_word' id='word_1_49' title='bbox 445 901 560 986; x_wconf 85' lang='lat' dir='ltr'><strong>igitur,</strong></span> <span class='ocrx_word' id='word_1_50' title='bbox 583 899 612 963; x_wconf 90' lang='lat' dir='ltr'><strong>si</strong></span> <span class='ocrx_word' id='word_1_51' title='bbox 635 897 768 983; x_wconf 90' lang='lat' dir='ltr'><strong>quidde</strong></span> <span class='ocrx_word' id='word_1_52' title='bbox 792 895 971 962; x_wconf 78' lang='lat' dir='ltr'><strong>Corinthiis</strong></span> <span class='ocrx_word' id='word_1_53' title='bbox 994 895 1058 960; x_wconf 88' lang='lat' dir='ltr'><strong>tuis</strong></span> <span class='ocrx_word' id='word_1_54' title='bbox 1083 896 1165 960; x_wconf 88' lang='lat' dir='ltr'><strong>ami-</strong></span> 
     </span>
     <span class='ocr_line' id='line_1_9' title="bbox 152 983 1163 1075; baseline -0.008 -19"><span class='ocrx_word' id='word_1_55' title='bbox 152 992 247 1075; x_wconf 85' lang='lat' dir='ltr'><strong>seris,</strong></span> <span class='ocrx_word' id='word_1_56' title='bbox 269 1012 364 1074; x_wconf 85' lang='lat' dir='ltr'><strong>posse</strong></span> <span class='ocrx_word' id='word_1_57' title='bbox 386 990 506 1054; x_wconf 90' lang='lat' dir='ltr'><strong>habere</strong></span> <span class='ocrx_word' id='word_1_58' title='bbox 528 993 562 1052; x_wconf 88' lang='lat' dir='ltr'><strong>te</strong></span> <span class='ocrx_word' id='word_1_59' title='bbox 584 987 743 1071; x_wconf 91' lang='lat' dir='ltr'><strong>reliquam</strong></span> <span class='ocrx_word' id='word_1_60' title='bbox 766 983 1001 1068; x_wconf 86' lang='lat' dir='ltr'><strong>supellectilem</strong></span> <span class='ocrx_word' id='word_1_61' title='bbox 1026 983 1163 1067; x_wconf 85' lang='lat' dir='ltr'><strong>salvam,</strong></span> 
     </span>
     <span class='ocr_line' id='line_1_10' title="bbox 150 1070 1164 1158; baseline -0.008 -15"><span class='ocrx_word' id='word_1_62' title='bbox 150 1079 306 1143; x_wconf 83' lang='lat' dir='ltr'><strong>virtutem</strong></span> <span class='ocrx_word' id='word_1_63' title='bbox 339 1082 447 1143; x_wconf 85' lang='lat' dir='ltr'><strong>autem</strong></span> <span class='ocrx_word' id='word_1_64' title='bbox 479 1078 508 1142; x_wconf 89' lang='lat' dir='ltr'><strong>si</strong></span> <span class='ocrx_word' id='word_1_65' title='bbox 538 1097 637 1140; x_wconf 91' lang='lat' dir='ltr'><strong>unam</strong></span> <span class='ocrx_word' id='word_1_66' title='bbox 669 1073 816 1140; x_wconf 86' lang='lat' dir='ltr'><strong>amiseris</strong></span> <span class='ocrx_word' id='word_1_67' title='bbox 849 1070 926 1158; x_wconf 87' lang='lat' dir='ltr'><strong>(etsi</strong></span> <span class='ocrx_word' id='word_1_68' title='bbox 958 1072 1064 1137; x_wconf 89' lang='lat' dir='ltr'><strong>amitti</strong></span> <span class='ocrx_word' id='word_1_69' title='bbox 1094 1094 1164 1137; x_wconf 93' lang='lat' dir='ltr'><strong>non</strong></span> 
     </span>
     <span class='ocr_line' id='line_1_11' title="bbox 151 1160 1203 1250; baseline -0.003 -19"><span class='ocrx_word' id='word_1_70' title='bbox 151 1170 262 1250; x_wconf 90' lang='lat' dir='ltr'><strong>potest</strong></span> <span class='ocrx_word' id='word_1_71' title='bbox 291 1164 421 1249; x_wconf 78' lang='lat' dir='ltr'><strong>uirtus),</strong></span> <span class='ocrx_word' id='word_1_72' title='bbox 458 1165 514 1229; x_wconf 89' lang='lat' dir='ltr'><strong>scd</strong></span> <span class='ocrx_word' id='word_1_73' title='bbox 546 1165 575 1228; x_wconf 91' lang='lat' dir='ltr'><strong>si</strong></span> <span class='ocrx_word' id='word_1_74' title='bbox 606 1185 705 1227; x_wconf 88' lang='lat' dir='ltr'><strong>unam</strong></span> <span class='ocrx_word' id='word_1_75' title='bbox 737 1161 903 1227; x_wconf 85' lang='lat' dir='ltr'><strong>confessus</strong></span> <span class='ocrx_word' id='word_1_76' title='bbox 935 1160 998 1225; x_wconf 88' lang='lat' dir='ltr'><strong>eris</strong></span> <span class='ocrx_word' id='word_1_77' title='bbox 1030 1164 1064 1224; x_wconf 88' lang='lat' dir='ltr'><strong>te</strong></span> <span class='ocrx_word' id='word_1_78' title='bbox 1095 1182 1165 1225; x_wconf 89' lang='lat' dir='ltr'><strong>non</strong></span> <span class='ocrx_word' id='word_1_79' title='bbox 1179 1192 1203 1228; x_wconf 80' lang='lat' dir='ltr'><strong>ru</strong></span> 
     </span>
    </p>

    <p class='ocr_par' dir='ltr' id='par_1_4' title="bbox 101 1248 1204 1690">
     <span class='ocr_line' id='line_1_12' title="bbox 101 1248 1164 1337; baseline -0.002 -23"><span class='ocrx_word' id='word_1_80' title='bbox 101 1267 134 1315; x_wconf 80' lang='lat'><strong>33</strong></span> <span class='ocrx_word' id='word_1_81' title='bbox 153 1254 281 1337; x_wconf 86' lang='lat' dir='ltr'><strong>habere,</strong></span> <span class='ocrx_word' id='word_1_82' title='bbox 298 1254 421 1318; x_wconf 89' lang='lat' dir='ltr'><strong>nullam</strong></span> <span class='ocrx_word' id='word_1_83' title='bbox 439 1275 510 1317; x_wconf 86' lang='lat' dir='ltr'><strong>esse</strong></span> <span class='ocrx_word' id='word_1_84' title='bbox 528 1256 562 1316; x_wconf 88' lang='lat' dir='ltr'><strong>te</strong></span> <span class='ocrx_word' id='word_1_85' title='bbox 579 1251 788 1316; x_wconf 80' lang='lat' dir='ltr'><strong>habiturum?</strong></span> <span class='ocrx_word' id='word_1_86' title='bbox 819 1249 908 1314; x_wconf 90' lang='lat' dir='ltr'><strong>Num</strong></span> <span class='ocrx_word' id='word_1_87' title='bbox 923 1248 1025 1333; x_wconf 88' lang='lat' dir='ltr'><strong>igitur</strong></span> <span class='ocrx_word' id='word_1_88' title='bbox 1042 1249 1164 1313; x_wconf 85' lang='lat' dir='ltr'><strong>fortem</strong></span> 
     </span>
     <span class='ocr_line' id='line_1_13' title="bbox 153 1338 1165 1426; baseline -0.003 -21"><span class='ocrx_word' id='word_1_89' title='bbox 153 1343 271 1425; x_wconf 88' lang='lat' dir='ltr'><strong>virum,</strong></span> <span class='ocrx_word' id='word_1_90' title='bbox 307 1363 385 1405; x_wconf 92' lang='lat' dir='ltr'><strong>num</strong></span> <span class='ocrx_word' id='word_1_91' title='bbox 421 1361 540 1426; x_wconf 87' lang='lat' dir='ltr'><strong>magno</strong></span> <span class='ocrx_word' id='word_1_92' title='bbox 576 1340 699 1423; x_wconf 88' lang='lat' dir='ltr'><strong>animo,</strong></span> <span class='ocrx_word' id='word_1_93' title='bbox 738 1360 816 1403; x_wconf 88' lang='lat' dir='ltr'><strong>uum</strong></span> <span class='ocrx_word' id='word_1_94' title='bbox 851 1338 1043 1421; x_wconf 87' lang='lat' dir='ltr'><strong>patientem,</strong></span> <span class='ocrx_word' id='word_1_95' title='bbox 1083 1360 1165 1402; x_wconf 91' lang='lat' dir='ltr'><strong>num</strong></span> 
     </span>
     <span class='ocr_line' id='line_1_14' title="bbox 153 1424 1188 1514; baseline -0.005 -20"><span class='ocrx_word' id='word_1_96' title='bbox 153 1450 300 1514; x_wconf 83' lang='lat' dir='ltr'><strong>gravem,</strong></span> <span class='ocrx_word' id='word_1_97' title='bbox 321 1451 400 1494; x_wconf 90' lang='lat' dir='ltr'><strong>num</strong></span> <span class='ocrx_word' id='word_1_98' title='bbox 422 1429 567 1496; x_wconf 85' lang='lat' dir='ltr'><strong>humana</strong></span> <span class='ocrx_word' id='word_1_99' title='bbox 584 1431 841 1493; x_wconf 72' lang='lat' dir='ltr'><strong>contemnentem</strong></span> <span class='ocrx_word' id='word_1_100' title='bbox 861 1429 954 1510; x_wconf 83' lang='lat' dir='ltr'><strong>potes</strong></span> <span class='ocrx_word' id='word_1_101' title='bbox 977 1425 1084 1490; x_wconf 83' lang='lat' dir='ltr'><strong>dicere</strong></span> <span class='ocrx_word' id='word_1_102' title='bbox 1106 1424 1188 1490; x_wconf 87' lang='lat' dir='ltr'><strong>aut&#39;</strong></span> 
     </span>
     <span class='ocr_line' id='line_1_15' title="bbox 152 1513 1166 1597; baseline -0.004 -15"><span class='ocrx_word' id='word_1_103' title='bbox 152 1517 368 1584; x_wconf 85' lang='lat' dir='ltr'><strong>Philoctetam</strong></span> <span class='ocrx_word' id='word_1_104' title='bbox 391 1518 483 1582; x_wconf 91' lang='lat' dir='ltr'><strong>illum</strong></span> <span class='ocrx_word' id='word_1_105' title='bbox 508 1517 573 1582; x_wconf 80' lang='lat'><strong>-‘?</strong></span> <span class='ocrx_word' id='word_1_106' title='bbox 599 1540 618 1581; x_wconf 88' lang='lat' dir='ltr'><strong>a</strong></span> <span class='ocrx_word' id='word_1_107' title='bbox 640 1520 674 1580; x_wconf 85' lang='lat' dir='ltr'><strong>te</strong></span> <span class='ocrx_word' id='word_1_108' title='bbox 692 1516 779 1580; x_wconf 90' lang='lat' dir='ltr'><strong>enim</strong></span> <span class='ocrx_word' id='word_1_109' title='bbox 797 1515 881 1579; x_wconf 89' lang='lat' dir='ltr'><strong>malo</strong></span> <span class='ocrx_word' id='word_1_110' title='bbox 905 1513 1083 1597; x_wconf 79' lang='lat' dir='ltr'><strong>discedere3</strong></span> <span class='ocrx_word' id='word_1_111' title='bbox 1107 1513 1166 1596; x_wconf 82' lang='lat' dir='ltr'><strong>sed</strong></span> 
     </span>
     <span class='ocr_line' id='line_1_16' title="bbox 152 1606 1204 1690; baseline 0 -20"><span class='ocrx_word' id='word_1_112' title='bbox 152 1607 207 1671; x_wconf 90' lang='lat' dir='ltr'><strong>ille</strong></span> <span class='ocrx_word' id='word_1_113' title='bbox 232 1611 317 1672; x_wconf 84' lang='lat' dir='ltr'><strong>certe</strong></span> <span class='ocrx_word' id='word_1_114' title='bbox 338 1629 405 1673; x_wconf 90' lang='lat' dir='ltr'><strong>non</strong></span> <span class='ocrx_word' id='word_1_115' title='bbox 426 1606 535 1690; x_wconf 86' lang='lat' dir='ltr'><strong>fortis,</strong></span> <span class='ocrx_word' id='word_1_116' title='bbox 558 1607 614 1690; x_wconf 91' lang='lat' dir='ltr'><strong>qui</strong></span> <span class='ocrx_word' id='word_1_117' title='bbox 636 1606 720 1669; x_wconf 87' lang='lat' dir='ltr'><strong>iacet</strong></span> <span class='ocrx_word' id='word_1_118' title='bbox 1180 1631 1204 1670; x_wconf 77' lang='lat'><strong>1⁵</strong></span> 
     </span>
    </p>
   </div>
   <div class='ocr_carea' id='block_1_3' title="bbox 219 1725 1111 1971">
    <p class='ocr_par' dir='ltr' id='par_1_5' title="bbox 219 1725 1111 1971">
     <span class='ocr_line' id='line_1_17' title="bbox 682 1725 1012 1804; baseline 0 -13"><span class='ocrx_word' id='word_1_119' title='bbox 682 1729 721 1791; x_wconf 91' lang='lat' dir='ltr'><strong>in</strong></span> <span class='ocrx_word' id='word_1_120' title='bbox 742 1729 848 1791; x_wconf 86' lang='lat' dir='ltr'><strong>tecto</strong></span> <span class='ocrx_word' id='word_1_121' title='bbox 870 1725 1012 1804; x_wconf 78' lang='lat' dir='ltr'><strong>umido,</strong></span> 
     </span>
     <span class='ocr_line' id='line_1_18' title="bbox 219 1813 1111 1902; baseline -0.004 -19"><span class='ocrx_word' id='word_1_122' title='bbox 219 1817 325 1894; x_wconf 80' lang='lat' dir='ltr'><strong>Quod</strong></span> <span class='ocrx_word' id='word_1_123' title='bbox 347 1818 509 1902; x_wconf 74' lang='lat' dir='ltr'><strong>eiulatu,</strong></span> <span class='ocrx_word' id='word_1_124' title='bbox 532 1819 682 1901; x_wconf 74' lang='lat' dir='ltr'><strong>questu,</strong></span> <span class='ocrx_word' id='word_1_125' title='bbox 706 1815 863 1902; x_wconf 87' lang='lat' dir='ltr'><strong>gemitu,</strong></span> <span class='ocrx_word' id='word_1_126' title='bbox 886 1813 1111 1879; x_wconf 78' lang='lat' dir='ltr'><strong>fremitibus</strong></span> 
     </span>
     <span class='ocr_line' id='line_1_19' title="bbox 219 1902 1077 1971; baseline -0.006 0"><span class='ocrx_word' id='word_1_127' title='bbox 219 1905 447 1971; x_wconf 77' lang='lat' dir='ltr'><strong>Resondndo</strong></span> <span class='ocrx_word' id='word_1_128' title='bbox 471 1911 615 1971; x_wconf 89' lang='lat' dir='ltr'><strong>mutum</strong></span> <span class='ocrx_word' id='word_1_129' title='bbox 637 1902 790 1968; x_wconf 75' lang='lat' dir='ltr'><strong>flebilis</strong></span> <span class='ocrx_word' id='word_1_130' title='bbox 813 1905 925 1967; x_wconf 76' lang='lat' dir='ltr'><strong>vocas</strong></span> <span class='ocrx_word' id='word_1_131' title='bbox 949 1902 1077 1967; x_wconf 84' lang='lat' dir='ltr'><strong>refert.</strong></span> 
     </span>
    </p>
   </div>
   <div class='ocr_carea' id='block_1_4' title="bbox 101 2042 1204 3187">
    <p class='ocr_par' dir='ltr' id='par_1_6' title="bbox 151 2042 1204 2659">
     <span class='ocr_line' id='line_1_20' title="bbox 151 2042 1165 2132; baseline -0.002 -22"><span class='ocrx_word' id='word_1_132' title='bbox 151 2045 228 2112; x_wconf 87' lang='lat' dir='ltr'><strong>Non</strong></span> <span class='ocrx_word' id='word_1_133' title='bbox 251 2068 311 2132; x_wconf 87' lang='lat' dir='ltr'><strong>ego</strong></span> <span class='ocrx_word' id='word_1_134' title='bbox 334 2047 481 2112; x_wconf 85' lang='lat' dir='ltr'><strong>dolorem</strong></span> <span class='ocrx_word' id='word_1_135' title='bbox 503 2047 647 2112; x_wconf 90' lang='lat' dir='ltr'><strong>dolorem</strong></span> <span class='ocrx_word' id='word_1_136' title='bbox 668 2066 738 2108; x_wconf 90' lang='lat' dir='ltr'><strong>esse</strong></span> <span class='ocrx_word' id='word_1_137' title='bbox 760 2064 844 2130; x_wconf 87' lang='lat' dir='ltr'><strong>nego</strong></span> <span class='ocrx_word' id='word_1_138' title='bbox 868 2042 938 2125; x_wconf 86' lang='lat' dir='ltr'><strong>(our</strong></span> <span class='ocrx_word' id='word_1_139' title='bbox 960 2042 1046 2108; x_wconf 90' lang='lat' dir='ltr'><strong>enim</strong></span> <span class='ocrx_word' id='word_1_140' title='bbox 1069 2043 1165 2108; x_wconf 86' lang='lat' dir='ltr'><strong>forti·</strong></span> 
     </span>
     <span class='ocr_line' id='line_1_21' title="bbox 152 2131 1204 2220; baseline 0.004 -23"><span class='ocrx_word' id='word_1_141' title='bbox 152 2135 232 2199; x_wconf 89' lang='lat' dir='ltr'><strong>tudo</strong></span> <span class='ocrx_word' id='word_1_142' title='bbox 256 2133 540 2220; x_wconf 75' lang='lat' dir='ltr'><strong>desideraretnrl),</strong></span> <span class='ocrx_word' id='word_1_143' title='bbox 563 2134 619 2198; x_wconf 86' lang='lat' dir='ltr'><strong>sed</strong></span> <span class='ocrx_word' id='word_1_144' title='bbox 642 2155 715 2198; x_wconf 88' lang='lat' dir='ltr'><strong>eum</strong></span> <span class='ocrx_word' id='word_1_145' title='bbox 733 2132 874 2217; x_wconf 89' lang='lat' dir='ltr'><strong>opprimi</strong></span> <span class='ocrx_word' id='word_1_146' title='bbox 897 2132 968 2196; x_wconf 93' lang='lat' dir='ltr'><strong>dico</strong></span> <span class='ocrx_word' id='word_1_147' title='bbox 993 2131 1204 2216; x_wconf 64' lang='lat' dir='ltr'><strong>patientiam</strong></span> 
     </span>
     <span class='ocr_line' id='line_1_22' title="bbox 153 2219 1164 2306; baseline -0.001 -21"><span class='ocrx_word' id='word_1_148' title='bbox 153 2223 182 2286; x_wconf 89' lang='lat' dir='ltr'><strong>si</strong></span> <span class='ocrx_word' id='word_1_149' title='bbox 205 2222 300 2286; x_wconf 93' lang='lat' dir='ltr'><strong>modo</strong></span> <span class='ocrx_word' id='word_1_150' title='bbox 324 2226 374 2287; x_wconf 87' lang='lat' dir='ltr'><strong>est</strong></span> <span class='ocrx_word' id='word_1_151' title='bbox 395 2222 505 2306; x_wconf 87' lang='lat' dir='ltr'><strong>aliqua</strong></span> <span class='ocrx_word' id='word_1_152' title='bbox 527 2222 699 2306; x_wconf 78' lang='lat' dir='ltr'><strong>patientia3</strong></span> <span class='ocrx_word' id='word_1_153' title='bbox 723 2221 751 2285; x_wconf 89' lang='lat' dir='ltr'><strong>si</strong></span> <span class='ocrx_word' id='word_1_154' title='bbox 774 2221 862 2285; x_wconf 89' lang='lat' dir='ltr'><strong>nulla</strong></span> <span class='ocrx_word' id='word_1_155' title='bbox 885 2224 947 2300; x_wconf 88' lang='lat' dir='ltr'><strong>est,</strong></span> <span class='ocrx_word' id='word_1_156' title='bbox 969 2219 1047 2304; x_wconf 90' lang='lat' dir='ltr'><strong>quid</strong></span> <span class='ocrx_word' id='word_1_157' title='bbox 1071 2241 1164 2284; x_wconf 88' lang='lat' dir='ltr'><strong>axor-</strong></span> 
     </span>
     <span class='ocr_line' id='line_1_23' title="bbox 152 2301 1165 2394; baseline -0.002 -20"><span class='ocrx_word' id='word_1_158' title='bbox 152 2332 269 2374; x_wconf 90' lang='lat' dir='ltr'><strong>namus</strong></span> <span class='ocrx_word' id='word_1_159' title='bbox 299 2310 541 2394; x_wconf 85' lang='lat' dir='ltr'><strong>philosophiam</strong></span> <span class='ocrx_word' id='word_1_160' title='bbox 574 2314 630 2375; x_wconf 89' lang='lat' dir='ltr'><strong>aut</strong></span> <span class='ocrx_word' id='word_1_161' title='bbox 661 2308 738 2394; x_wconf 92' lang='lat' dir='ltr'><strong>quid</strong></span> <span class='ocrx_word' id='word_1_162' title='bbox 767 2310 835 2374; x_wconf 87' lang='lat' dir='ltr'><strong>eius</strong></span> <span class='ocrx_word' id='word_1_163' title='bbox 865 2301 995 2374; x_wconf 81' lang='lat' dir='ltr'><strong>nomine</strong></span> <span class='ocrx_word' id='word_1_164' title='bbox 1027 2309 1165 2392; x_wconf 81' lang='lat' dir='ltr'><strong>gloriosi</strong></span> 
     </span>
     <span class='ocr_line' id='line_1_24' title="bbox 153 2396 1165 2482; baseline -0.002 -19"><span class='ocrx_word' id='word_1_165' title='bbox 153 2398 285 2463; x_wconf 77' lang='lat' dir='ltr'><strong>sumus?</strong></span> <span class='ocrx_word' id='word_1_166' title='bbox 334 2397 456 2482; x_wconf 88' lang='lat' dir='ltr'><strong>Pungit</strong></span> <span class='ocrx_word' id='word_1_167' title='bbox 483 2399 587 2482; x_wconf 91' lang='lat' dir='ltr'><strong>dolor,</strong></span> <span class='ocrx_word' id='word_1_168' title='bbox 614 2399 665 2463; x_wconf 83' lang='lat' dir='ltr'><strong>vel</strong></span> <span class='ocrx_word' id='word_1_169' title='bbox 691 2397 795 2461; x_wconf 86' lang='lat' dir='ltr'><strong>fodiat</strong></span> <span class='ocrx_word' id='word_1_170' title='bbox 823 2417 912 2480; x_wconf 81' lang='lat' dir='ltr'><strong>sane;</strong></span> <span class='ocrx_word' id='word_1_171' title='bbox 941 2396 969 2461; x_wconf 90' lang='lat' dir='ltr'><strong>si</strong></span> <span class='ocrx_word' id='word_1_172' title='bbox 990 2396 1096 2461; x_wconf 88' lang='lat' dir='ltr'><strong>nudus</strong></span> <span class='ocrx_word' id='word_1_173' title='bbox 1120 2419 1165 2480; x_wconf 82' lang='lat' dir='ltr'><strong>es,</strong></span> 
     </span>
     <span class='ocr_line' id='line_1_25' title="bbox 153 2483 1164 2572; baseline -0.002 -20"><span class='ocrx_word' id='word_1_174' title='bbox 153 2489 195 2552; x_wconf 89' lang='lat' dir='ltr'><strong>da</strong></span> <span class='ocrx_word' id='word_1_175' title='bbox 218 2489 378 2572; x_wconf 79' lang='lat' dir='ltr'><strong>iugulum3</strong></span> <span class='ocrx_word' id='word_1_176' title='bbox 402 2488 453 2551; x_wconf 85' lang='lat' dir='ltr'><strong>sin</strong></span> <span class='ocrx_word' id='word_1_177' title='bbox 475 2490 579 2558; x_wconf 78' lang='lat' dir='ltr'><strong>tectus</strong></span> <span class='ocrx_word' id='word_1_178' title='bbox 598 2485 777 2551; x_wconf 83' lang='lat' dir='ltr'><strong>‘Volcaniis</strong></span> <span class='ocrx_word' id='word_1_179' title='bbox 797 2483 921 2566; x_wconf 88' lang='lat' dir='ltr'><strong>armis&#39;‚</strong></span> <span class='ocrx_word' id='word_1_180' title='bbox 944 2484 977 2548; x_wconf 93' lang='lat' dir='ltr'><strong>id</strong></span> <span class='ocrx_word' id='word_1_181' title='bbox 998 2487 1048 2548; x_wconf 85' lang='lat' dir='ltr'><strong>cat</strong></span> <span class='ocrx_word' id='word_1_182' title='bbox 1070 2484 1164 2550; x_wconf 87' lang='lat' dir='ltr'><strong>forti-</strong></span> 
     </span>
     <span class='ocr_line' id='line_1_26' title="bbox 152 2571 1203 2659; baseline 0.001 -20"><span class='ocrx_word' id='word_1_183' title='bbox 152 2576 278 2659; x_wconf 82' lang='lat' dir='ltr'><strong>tudine,</strong></span> <span class='ocrx_word' id='word_1_184' title='bbox 305 2577 433 2658; x_wconf 63' lang='lat' dir='ltr'><strong>resiste</strong></span> <span class='ocrx_word' id='word_1_185' title='bbox 460 2574 542 2640; x_wconf 88' lang='lat' dir='ltr'><strong>haec</strong></span> <span class='ocrx_word' id='word_1_186' title='bbox 568 2575 655 2638; x_wconf 90' lang='lat' dir='ltr'><strong>enim</strong></span> <span class='ocrx_word' id='word_1_187' title='bbox 680 2579 727 2658; x_wconf 81' lang='lat' dir='ltr'><strong>te,</strong></span> <span class='ocrx_word' id='word_1_188' title='bbox 753 2574 818 2638; x_wconf 91' lang='lat' dir='ltr'><strong>nisi</strong></span> <span class='ocrx_word' id='word_1_189' title='bbox 840 2573 887 2637; x_wconf 88' lang='lat' dir='ltr'><strong>ita</strong></span> <span class='ocrx_word' id='word_1_190' title='bbox 908 2571 1021 2657; x_wconf 83' lang='lat' dir='ltr'><strong>facies,</strong></span> <span class='ocrx_word' id='word_1_191' title='bbox 1052 2577 1203 2640; x_wconf 67' lang='lat' dir='ltr'><strong>custosne</strong></span> 
     </span>
    </p>

    <p class='ocr_par' dir='ltr' id='par_1_7' title="bbox 101 2659 1203 3187">
     <span class='ocr_line' id='line_1_27' title="bbox 101 2659 1165 2747; baseline 0.002 -23"><span class='ocrx_word' id='word_1_192' title='bbox 101 2677 137 2725; x_wconf 84' lang='grc'><strong>34</strong></span> <span class='ocrx_word' id='word_1_193' title='bbox 155 2664 324 2747; x_wconf 87' lang='lat' dir='ltr'><strong>dignitatis</strong></span> <span class='ocrx_word' id='word_1_194' title='bbox 342 2664 501 2747; x_wconf 88' lang='lat' dir='ltr'><strong>relinquet</strong></span> <span class='ocrx_word' id='word_1_195' title='bbox 524 2666 557 2727; x_wconf 86' lang='lat' dir='ltr'><strong>et</strong></span> <span class='ocrx_word' id='word_1_196' title='bbox 579 2663 714 2727; x_wconf 87' lang='lat' dir='ltr'><strong>deseret.</strong></span> <span class='ocrx_word' id='word_1_197' title='bbox 757 2659 889 2726; x_wconf 79' lang='lat' dir='ltr'><strong>Oretum</strong></span> <span class='ocrx_word' id='word_1_198' title='bbox 911 2660 1042 2746; x_wconf 89' lang='lat' dir='ltr'><strong>quidem</strong></span> <span class='ocrx_word' id='word_1_199' title='bbox 1063 2661 1165 2746; x_wconf 83' lang='lat' dir='ltr'><strong>leges,</strong></span> 
     </span>
     <span class='ocr_line' id='line_1_28' title="bbox 154 2748 1164 2837; baseline -0.001 -21"><span class='ocrx_word' id='word_1_200' title='bbox 154 2774 234 2837; x_wconf 88' lang='lat' dir='ltr'><strong>quas</strong></span> <span class='ocrx_word' id='word_1_201' title='bbox 257 2753 319 2816; x_wconf 80' lang='lat' dir='ltr'><strong>siue</strong></span> <span class='ocrx_word' id='word_1_202' title='bbox 341 2751 482 2834; x_wconf 77' lang='lat' dir='ltr'><strong>Iuppiter</strong></span> <span class='ocrx_word' id='word_1_203' title='bbox 504 2752 572 2816; x_wconf 82' lang='lat' dir='ltr'><strong>sive</strong></span> <span class='ocrx_word' id='word_1_204' title='bbox 594 2750 700 2816; x_wconf 91' lang='lat' dir='ltr'><strong>Minos</strong></span> <span class='ocrx_word' id='word_1_205' title='bbox 724 2749 831 2813; x_wconf 82' lang='lat' dir='ltr'><strong>sanxit</strong></span> <span class='ocrx_word' id='word_1_206' title='bbox 858 2749 897 2813; x_wconf 89' lang='lat' dir='ltr'><strong>de</strong></span> <span class='ocrx_word' id='word_1_207' title='bbox 919 2748 1006 2813; x_wconf 85' lang='lat' dir='ltr'><strong>Iovis</strong></span> <span class='ocrx_word' id='word_1_208' title='bbox 1035 2750 1164 2834; x_wconf 89' lang='lat' dir='ltr'><strong>quidem</strong></span> 
     </span>
     <span class='ocr_line' id='line_1_29' title="bbox 154 2837 1164 2923; baseline -0.001 -19"><span class='ocrx_word' id='word_1_209' title='bbox 154 2840 327 2922; x_wconf 80' lang='lat' dir='ltr'><strong>sententia,</strong></span> <span class='ocrx_word' id='word_1_210' title='bbox 347 2843 384 2903; x_wconf 87' lang='lat' dir='ltr'><strong>ut</strong></span> <span class='ocrx_word' id='word_1_211' title='bbox 402 2844 518 2923; x_wconf 68' lang='lat' dir='ltr'><strong>politae</strong></span> <span class='ocrx_word' id='word_1_212' title='bbox 535 2840 653 2920; x_wconf 85' lang='lat' dir='ltr'><strong>ferunt,</strong></span> <span class='ocrx_word' id='word_1_213' title='bbox 675 2839 816 2921; x_wconf 87' lang='lat' dir='ltr'><strong>itemque</strong></span> <span class='ocrx_word' id='word_1_214' title='bbox 834 2837 976 2923; x_wconf 83' lang='lat' dir='ltr'><strong>Lycurgi</strong></span> <span class='ocrx_word' id='word_1_215' title='bbox 993 2837 1164 2903; x_wconf 85' lang='lat' dir='ltr'><strong>laboribus</strong></span> 
     </span>
     <span class='ocr_line' id='line_1_30' title="bbox 154 2926 1163 3011; baseline -0.001 -19"><span class='ocrx_word' id='word_1_216' title='bbox 154 2928 304 2992; x_wconf 86' lang='lat' dir='ltr'><strong>erudiunt</strong></span> <span class='ocrx_word' id='word_1_217' title='bbox 338 2928 558 3011; x_wconf 87' lang='lat' dir='ltr'><strong>iuventutem,</strong></span> <span class='ocrx_word' id='word_1_218' title='bbox 593 2926 739 2991; x_wconf 86' lang='lat' dir='ltr'><strong>venando</strong></span> <span class='ocrx_word' id='word_1_219' title='bbox 775 2926 950 3008; x_wconf 87' lang='lat' dir='ltr'><strong>currendo,</strong></span> <span class='ocrx_word' id='word_1_220' title='bbox 993 2927 1163 3000; x_wconf 84' lang='lat' dir='ltr'><strong>esuriendo</strong></span> 
     </span>
     <span class='ocr_line' id='line_1_31' title="bbox 154 3011 1203 3101; baseline 0 -20"><span class='ocrx_word' id='word_1_221' title='bbox 154 3016 305 3093; x_wconf 85' lang='lat' dir='ltr'><strong>sitiendo,</strong></span> <span class='ocrx_word' id='word_1_222' title='bbox 334 3015 473 3101; x_wconf 90' lang='lat' dir='ltr'><strong>algendo</strong></span> <span class='ocrx_word' id='word_1_223' title='bbox 501 3015 686 3079; x_wconf 90' lang='lat' dir='ltr'><strong>aestuando.</strong></span> <span class='ocrx_word' id='word_1_224' title='bbox 737 3011 872 3098; x_wconf 87' lang='lat' dir='ltr'><strong>Spartae</strong></span> <span class='ocrx_word' id='word_1_225' title='bbox 898 3035 975 3078; x_wconf 86' lang='lat' dir='ltr'><strong>vero</strong></span> <span class='ocrx_word' id='word_1_226' title='bbox 1003 3015 1095 3097; x_wconf 85' lang='lat' dir='ltr'><strong>pueri</strong></span> <span class='ocrx_word' id='word_1_227' title='bbox 1124 3016 1165 3080; x_wconf 86' lang='lat' dir='ltr'><strong>ad</strong></span> <span class='ocrx_word' id='word_1_228' title='bbox 1178 3043 1203 3082; x_wconf 81' lang='lat' dir='ltr'><strong>so</strong></span> 
     </span>
     <span class='ocr_line' id='line_1_32' title="bbox 153 3103 825 3187; baseline -0.003 -19"><span class='ocrx_word' id='word_1_229' title='bbox 153 3127 244 3170; x_wconf 89' lang='lat' dir='ltr'><strong>aram</strong></span> <span class='ocrx_word' id='word_1_230' title='bbox 267 3105 313 3168; x_wconf 87' lang='lat' dir='ltr'><strong>sic</strong></span> <span class='ocrx_word' id='word_1_231' title='bbox 336 3104 523 3169; x_wconf 84' lang='lat' dir='ltr'><strong>verberibus</strong></span> <span class='ocrx_word' id='word_1_232' title='bbox 547 3103 762 3187; x_wconf 83' lang='lat' dir='ltr'><strong>accipiuntur,</strong></span> <span class='ocrx_word' id='word_1_233' title='bbox 823 3117 825 3121; x_wconf 82' lang='grc'><em>·</em></span> 
     </span>
    </p>
   </div>
   <div class='ocr_carea' id='block_1_5' title="bbox 218 3225 1054 3311">
    <p class='ocr_par' dir='ltr' id='par_1_8' title="bbox 218 3225 1054 3311">
     <span class='ocr_line' id='line_1_33' title="bbox 218 3225 1054 3311; baseline -0.001 -20"><span class='ocrx_word' id='word_1_234' title='bbox 218 3227 269 3291; x_wconf 90' lang='lat' dir='ltr'><strong>Ut</strong></span> <span class='ocrx_word' id='word_1_235' title='bbox 291 3227 434 3290; x_wconf 78' lang='lat' dir='ltr'><strong>multus</strong></span> <span class='ocrx_word' id='word_1_236' title='bbox 457 3247 475 3289; x_wconf 88' lang='lat' dir='ltr'><strong>c</strong></span> <span class='ocrx_word' id='word_1_237' title='bbox 498 3225 714 3290; x_wconf 78' lang='lat' dir='ltr'><strong>visceribus</strong></span> <span class='ocrx_word' id='word_1_238' title='bbox 738 3226 899 3311; x_wconf 88' lang='lat' dir='ltr'><strong>sanguis</strong></span> <span class='ocrx_word' id='word_1_239' title='bbox 923 3226 1054 3308; x_wconf 67' lang='lat' dir='ltr'><strong>exeat„</strong></span> 
     </span>
    </p>
   </div>
   <div class='ocr_carea' id='block_1_6' title="bbox 152 3365 1167 3537">
    <p class='ocr_par' dir='ltr' id='par_1_9' title="bbox 152 3365 1167 3537">
     <span class='ocr_line' id='line_1_34' title="bbox 152 3365 1166 3451; baseline 0.002 -21"><span class='ocrx_word' id='word_1_240' title='bbox 152 3388 219 3432; x_wconf 91' lang='lat' dir='ltr'><strong>non</strong></span> <span class='ocrx_word' id='word_1_241' title='bbox 245 3387 420 3450; x_wconf 88' lang='lat' dir='ltr'><strong>numquam</strong></span> <span class='ocrx_word' id='word_1_242' title='bbox 448 3365 560 3449; x_wconf 85' lang='lat' dir='ltr'><strong>etiam,</strong></span> <span class='ocrx_word' id='word_1_243' title='bbox 587 3369 636 3448; x_wconf 82' lang='lat' dir='ltr'><strong>ut,</strong></span> <span class='ocrx_word' id='word_1_244' title='bbox 663 3387 736 3430; x_wconf 89' lang='lat' dir='ltr'><strong>oum</strong></span> <span class='ocrx_word' id='word_1_245' title='bbox 762 3366 808 3429; x_wconf 93' lang='lat' dir='ltr'><strong>ibi</strong></span> <span class='ocrx_word' id='word_1_246' title='bbox 837 3387 953 3448; x_wconf 91' lang='lat' dir='ltr'><strong>essem,</strong></span> <span class='ocrx_word' id='word_1_247' title='bbox 983 3365 1166 3451; x_wconf 85' lang='lat' dir='ltr'><strong>audiebam,</strong></span> 
     </span>
     <span class='ocr_line' id='line_1_35' title="bbox 154 3452 1167 3537; baseline 0.003 -20"><span class='ocrx_word' id='word_1_248' title='bbox 154 3455 195 3517; x_wconf 89' lang='lat' dir='ltr'><strong>ad</strong></span> <span class='ocrx_word' id='word_1_249' title='bbox 223 3475 345 3518; x_wconf 88' lang='lat' dir='ltr'><strong>necem·</strong></span> <span class='ocrx_word' id='word_1_250' title='bbox 378 3475 514 3537; x_wconf 90' lang='lat' dir='ltr'><strong>quorum</strong></span> <span class='ocrx_word' id='word_1_251' title='bbox 541 3474 608 3517; x_wconf 90' lang='lat' dir='ltr'><strong>non</strong></span> <span class='ocrx_word' id='word_1_252' title='bbox 634 3452 731 3517; x_wconf 89' lang='lat' dir='ltr'><strong>modo</strong></span> <span class='ocrx_word' id='word_1_253' title='bbox 757 3475 852 3518; x_wconf 89' lang='lat' dir='ltr'><strong>nemo</strong></span> <span class='ocrx_word' id='word_1_254' title='bbox 881 3455 1074 3518; x_wconf 84' lang='lat' dir='ltr'><strong>exclamavit</strong></span> <span class='ocrx_word' id='word_1_255' title='bbox 1096 3477 1167 3520; x_wconf 89' lang='lat' dir='ltr'><strong>nm·</strong></span> 
     </span>
    </p>
   </div>
   <div class='ocr_carea' id='block_1_7' title="bbox 155 3502 1205 3627">
    <p class='ocr_par' dir='ltr' id='par_1_10' title="bbox 155 3502 1205 3627">
     <span class='ocr_line' id='line_1_36' title="bbox 155 3502 1205 3627; baseline 0.006 -23"><span class='ocrx_word' id='word_1_256' title='bbox 155 3562 265 3624; x_wconf 88' lang='lat' dir='ltr'><strong>quam,</strong></span> <span class='ocrx_word' id='word_1_257' title='bbox 301 3502 357 3604; x_wconf 83' lang='lat' dir='ltr'><strong>sed</strong></span> <span class='ocrx_word' id='word_1_258' title='bbox 387 3563 429 3605; x_wconf 91' lang='lat' dir='ltr'><strong>ne</strong></span> <span class='ocrx_word' id='word_1_259' title='bbox 460 3540 621 3624; x_wconf 87' lang='lat' dir='ltr'><strong>ingemuit</strong></span> <span class='ocrx_word' id='word_1_260' title='bbox 651 3541 788 3624; x_wconf 88' lang='lat' dir='ltr'><strong>quidem.</strong></span> <span class='ocrx_word' id='word_1_261' title='bbox 848 3542 933 3619; x_wconf 82' lang='lat' dir='ltr'><strong>Quid</strong></span> <span class='ocrx_word' id='word_1_262' title='bbox 964 3541 1066 3627; x_wconf 78' lang='lat' dir='ltr'><strong>orgo?</strong></span> <span class='ocrx_word' id='word_1_263' title='bbox 1103 3542 1205 3610; x_wconf 75' lang='lat' dir='ltr'><strong>hocas</strong></span> 
     </span>
    </p>
   </div>
   <div class='ocr_carea' id='block_1_8' title="bbox 0 0 1286 3952">
    <p class='ocr_par' dir='ltr' id='par_1_11' title="bbox 0 0 1286 3952">
     <span class='ocr_line' id='line_1_37' title="bbox 0 0 1286 3952; baseline 0 1"><span class='ocrx_word' id='word_1_264' title='bbox 0 0 1286 3952; x_wconf 95' lang='lat' dir='ltr'><strong> </strong></span> 
     </span>
    </p>
   </div>
  </div>
 </body>
</html>
