2564 3950
330 184 396 238 LIB.
407 179 437 237 Ἰ.
466 183 543 238 ΟΑΡ.
563 191 610 253 42,
630 189 672 239 43.
700 189 714 250 ξ
735 191 892 241 loo—104.
1053 186 1118 251 319

105 346 236 428 dorum,
259 345 493 430 philosophum
515 367 581 410 non
603 347 794 430 ignobilem,
817 368 923 412 nonne
943 350 1119 415 miramur?

105 435 158 500 oui
187 456 259 499 oum
287 434 501 518 Lysimachus
529 455 585 498 rex
617 455 743 498 crucem
772 436 911 500 minaret
912 459 963 518 ur,
994 435 1119 522 ‘Istis,

14 573 18 586 .-
100 521 557 674 ¹quaeso','⁵in‹1uit,ista
584 522 795 587 horribilia
822 523 1003 588 minitare
1030 547 1118 609 pur·

14 645 16 666 ι
105 613 221 694 purat
225 611 258 676 is
286 611 380 694 tuis3
408 610 598 675 Theodori
626 611 787 694 quidem
808 611 947 674 nihil'
938 635 977 676 rn
983 617 1120 696 t,erest

77 699 262 764 ahumine
294 721 341 764 an
373 699 536 764 sublime
568 697 768 782 putescat?
815 696 911 763 Ocius
941 700 1001 766 hoe
1032 702 1118 766 dioto

106 786 294 865 admoneor,
318 791 355 850 ut
372 786 493 870 aliquid
513 787 611 850 etiam
634 786 673 849 de
691 787 879 852 humatione
898 792 931 851 et
951 789 1118 872 sepultura

106 875 277 939 dicendum
305 874 499 957 existimem,
526 897 595 938 rem
617 896 682 938 non
706 874 882 958 difficilem,
910 875 950 940 iis
973 899 1119 960 praeser-

106 963 168 1027 tim
191 963 345 1046 cognitiS,
369 985 449 1047 quae
473 963 512 1026 de
530 962 614 1026 nihil
634 963 801 1027 sentiendo
819 964 918 1047 paulo
938 966 1119 1030 antedicta

106 1055 192 1116 sunt.
228 1050 277 1115 De
300 1071 363 1134 qua
387 1049 535 1116 Socrates
558 1051 687 1133 quidem
711 1051 958 1136 quidsenserit,
982 1057 1119 1136 apparet

14 1159 16 1208 ὲ
65 1139 141 1203 min
169 1161 207 1204 eo
234 1140 331 1221 libro,
358 1139 393 1202 in
417 1161 478 1223 quo
502 1139 651 1221 moritur,
680 1139 718 1203 de
748 1161 810 1223 quo
835 1141 900 1204 iam
922 1143 991 1204 tam
1014 1143 1118 1206 multa

105 1228 255 1292 diximus.
283 1225 365 1292 Cum
380 1227 466 1292 enim
482 1227 520 1292 de
536 1227 773 1292 inmortalitate
790 1229 971 1294 animorum
986 1229 1093 1313 dispu·
1120 1242 1170 1290 103

14 1341 17 1398 g
105 1317 244 1382 tavisset
271 1319 304 1380 et
331 1316 396 1380 iam
419 1315 575 1380 moriendi
599 1319 726 1398 tempus
749 1320 914 1400 urgueret,
942 1321 1074 1402 rogatus
1099 1341 1118 1383 a

14 1405 16 1462 ἒ
107 1403 252 1485 Critone,
284 1426 378 1488 quem
412 1403 451 1468 ad
483 1403 613 1468 modum
642 1403 770 1486 sepeliri
797 1404 910 1487 vellet,
941 1403 1117 1471 ‘Multam

14 1513 16 1532 ’κ
105 1491 222 1575 vero',
241 1492 354 1576 inquit,
374 1491 557 1576 ‘operam
579 1492 703 1574 amici,
722 1491 871 1556 frustra
889 1496 1118 1576 consumpsi.
1164 1537 1168 1544 ·

14 1613 15 1634 2
67 1578 262 1646 raOritoni
298 1581 397 1644 enim
438 1583 571 1644 nostro
607 1601 682 1645 non
717 1581 896 1663 persuasi
935 1601 991 1644 me
1027 1580 1118 1646 hinc

15 1677 16 1680 ’
107 1669 352 1734 avolaturum
383 1690 504 1752 neque
535 1669 607 1732 mei
644 1668 844 1753 quicquam
880 1669 1117 1734 relicturum.

14 1785 16 1834 i
105 1757 247 1822 Verum
274 1761 416 1838 tamen,
449 1754 571 1839 Orito',
597 1757 636 1822 'si
669 1778 724 1819 me
757 1756 914 1839 adsequi
940 1758 1118 1839 potueris

87 1849 172 1918 ,aut
201 1844 325 1909 sicubi
352 1848 516 1910 nanctus
545 1845 635 1928 eris,
665 1847 707 1908 ut
728 1845 803 1908 tibi
825 1844 1037 1929 videbitur,
1061 1867 1117 1910 se-

105 1933 241 2018 pelite.
269 1929 378 2015 used,
410 1933 502 1997 mihi
536 1933 659 2016 crede,
694 1954 803 1997 nemo
842 1955 897 1996 me
934 1937 1118 2016 vestrum,

14 2073 16 2116 ,
64 2044 190 2087 aecum
213 2021 302 2085 hinc
326 2042 541 2104 excessero,
572 2019 849 2104 consequetur?
893 2020 1062 2086 Praeclare
1085 2021 1118 2086 id

14 2125 16 2194 ζ
107 2109 251 2194 quidem,
279 2109 334 2192 qui
363 2113 396 2173 et
424 2110 526 2174 amico
554 2108 738 2193 permiserit
765 2114 798 2173 et
823 2131 856 2172 se
880 2109 1057 2174 ostenderit
1079 2109 1117 2174 de

106 2198 170 2263 hoc
192 2201 264 2262 toto
288 2217 405 2282 genere
426 2198 509 2262 nihil
532 2198 689 2262 laborare.
726 2195 845 2262 Durior
862 2196 1041 2282 Diogenes,
1063 2202 1096 2281 et
1120 2209 1171 2258 104

14 2315 15 2324 ¹
106 2288 135 2350 is
158 2285 297 2370 'quidem
328 2287 408 2350 idem
445 2287 600 2370 senticae,
633 2285 688 2349 sed
722 2289 758 2349 ut
786 2283 927 2368 Cynicus
963 2287 1118 2369 asperius,

14 2388 28 2452 s
106 2374 211 2457 proici
234 2395 267 2438 se
291 2373 388 2438 iussit
410 2373 623 2438 inhumatum.
673 2373 754 2436 Tum
783 2373 890 2436 amici:
925 2371 1118 2438 ‘Volucri-

65 2464 228 2527 aobusne
265 2464 302 2526 et
336 2461 472 2526 feris‘?'
528 2461 698 2526 ‘Minime
730 2459 850 2543 vero’,
888 2461 1004 2544 inquit3
1037 2460 1118 2524 ‘sed

14 2549 16 2598 ἕ
107 2550 294 2615 bacillum
326 2555 485 2634 propter
517 2572 585 2632 me,
619 2571 690 2634 quo
723 2549 891 2633 abigam,
917 2547 1118 2632 ponitote.'

14 2637 15 2644 '
108 2637 195 2712 ‘Qui
222 2637 409 2722 poteris?'
441 2639 505 2720 illi,
538 2639 626 2704 ‘non
654 2638 754 2701 enim
783 2635 950 2701 senties!
1003 2635 1118 2712 ‘Quid

106 2727 230 2811 igitur
253 2726 348 2790 mihi
369 2726 537 2791 ferarum
560 2726 732 2790 laniatus
757 2725 885 2790 oberit
907 2725 1008 2789 nihil
1034 2747 1118 2790 sen·

14 2813 16 2824 ²
106 2813 262 2880 tirentir’
313 2813 481 2880 Praeclare
511 2815 737 2915 Anaxagoras,
767 2813 821 2898 qui
849 2834 921 2877 cum
948 2812 1119 2897 Lampsaci

66 2930 93 2969 ac
108 2899 320 2986 moreretur,
333 2903 561 3004 quaerentibus
590 2902 717 2986 amicis,
745 2901 843 2965 vellet
829 2903 885 2965 tne
909 2899 1118 2966 Clazomenas

107 2992 143 3055 in
170 2990 322 3084 patriam,
352 2994 379 3055 si
411 2990 487 3075 quid
519 2989 702 3072 accidisset,
734 2988 865 3067 auferri,
898 2987 1023 3054 ‘Nihil
1054 3010 1118 3052 ne·

14 3109 16 3118 ·
107 3100 215 3144 cesse
251 3075 345 3162 est',
381 3078 504 3163 inquit,
542 3077 724 3160 undique
758 3077 857 3142 enim
893 3077 936 3141 ad
973 3076 1120 3141 inferos

14 3187 15 3222 f
106 3167 335 3232 tantundem
367 3167 452 3231 viae
482 3165 560 3231 est?
613 3166 759 3248 Totaque
787 3165 824 3228 de
853 3165 979 3229 ratione
1006 3163 1119 3227 huma·

14 3307 16 3334 ,
106 3255 207 3320 tionis
230 3277 329 3319 unum
353 3255 525 3320 tenendum
549 3259 612 3338 est,
637 3252 677 3340 ad
696 3275 811 3338 eorpus
835 3253 925 3317 illam
949 3253 1120 3336 pertinere,

14 3389 16 3408 .
66 3370 92 3411 aa
107 3346 177 3409 sive
201 3343 355 3409 occiderit
378 3344 502 3408 animus
526 3342 593 3407 sive
625 3343 741 3426 vigeat.
792 3340 832 3405 In
854 3362 986 3424 corpore
1010 3345 1119 3405 autem

14 3427 15 3506 ξ
106 3431 314 3517 perspicuum
337 3435 387 3496 est
408 3432 460 3496 vel
484 3432 624 3496 extincto
653 3429 762 3495 animo
785 3427 836 3493 vel
861 3429 970 3511 elapso
993 3429 1116 3493 nullum

14 3517 16 3602 l
106 3520 249 3586 residere
273 3539 411 3585 sensum.
