2538 3956
155 193 222 258 456
354 192 651 250 ruscunraauuu
670 191 971 248 nrsrurarrouuu
1248 149 1250 240 l

224 354 330 432 Quid?
348 355 376 420 is
394 354 456 421 tibi
471 357 648 420 mortemne
662 354 789 419 videtur
803 358 860 419 aut
872 335 1016 420 dolorem
1029 356 1175 422 timere?

157 443 213 528 qui
236 464 309 508 eum
332 442 430 526 diem,
460 464 523 526 quo
546 443 697 521 moritur,
726 443 857 508 beatum
886 443 1029 527 appellat
1056 467 1172 510 maxu-

157 531 283 616 misque
297 531 463 596 doloribus
478 529 623 596 adlectus
637 551 693 596 eos
712 531 800 614 ipsos
814 531 1018 597 inventorum
1032 554 1171 616 suorum
1250 599 1251 608 ,

157 619 313 686 memoria
341 623 374 683 et
400 617 623 685 recordatione
651 618 797 683 confutat
827 639 887 684 nec
912 619 992 686 haec
1020 621 1068 686 ric
1089 621 1173 704 agit,
1250 611 1251 626 ¹

157 711 194 772 ut
213 729 251 772 ex
268 710 414 791 tempore
433 707 526 790 quasi
545 706 671 771 effutire
689 706 858 772 rideatur?
888 706 938 772 De
956 713 1059 774 morte
1077 709 1170 773 enim
1185 731 1202 772 ⁵

157 795 205 861 ita
233 795 346 878 sentit,
374 802 412 858 ut
439 794 595 859 dissoluto
629 794 793 860 animante
826 815 955 861 sensum
987 797 1172 880 extinctum

156 885 262 967 putet,
291 882 375 967 quod
403 886 512 957 autem
540 883 635 948 rens'u
658 887 779 964 careat,
804 882 887 948 nihil
916 883 956 948 ad
978 905 1039 950 nos
1062 883 1096 948 id
1119 885 1172 948 iu·
1251 903 1252 906 ’

159 971 245 1037 dicet
266 971 435 1056 pertinere.
477 969 560 1036 Item
582 971 618 1036 de
639 970 749 1034 dolore
770 974 857 1036 certa
878 970 990 1053 hahet,
1012 993 1094 1055 quae
1118 995 1171 1038 se·

32 1063 33 1066 ’
158 1063 288 1143 quatur,
311 1059 400 1124 cuius
418 1057 676 1142 magnitudinem
698 1059 858 1124 brevitate
882 1060 1076 1142 consolatur,
1097 1061 1171 1126 lon-

68 1167 87 1218 :
105 1169 138 1217 se
158 1148 373 1232 ginquitatem
404 1146 545 1211 levitate.
603 1145 666 1223 Qui
702 1145 832 1210 tandem
867 1147 925 1222 isti
961 1148 1170 1232 grandiloqui
1186 1175 1215 1214 ro
1251 1137 1252 1196 l

158 1239 271 1299 contra
302 1234 382 1303 haec
413 1233 489 1317 duo,
522 1256 603 1318 quae
634 1235 773 1298 maxime
807 1240 943 1318 angunt,
978 1236 1094 1302 melius
1133 1258 1170 1300 se
1247 1233 1252 1317 ,'

157 1323 280 1389 habent
303 1344 398 1406 quam
420 1321 600 1405 Epicurus?
624 1344 666 1386 an
689 1321 730 1386 ad
751 1325 869 1401 cetera,
893 1345 975 1406 quae
997 1324 1087 1388 mala
1109 1346 1170 1406 pu·

158 1414 280 1494 tantur,
311 1409 376 1475 non
409 1414 441 1474 et
471 1410 631 1494 Epicurus
664 1413 697 1474 et'
726 1410 841 1495 reliqui
871 1409 1059 1495 philosophi
1087 1413 1170 1476 satis

157 1500 264 1582 parati
292 1498 463 1564 videntur?
513 1497 592 1574 Quis
619 1519 687 1563 non
711 1502 937 1581 paupertatem
964 1498 1170 1565 extimescit?
1252 1527 1253 1562 r

14 1691 18 1694 -
105 1590 393 1741 adelheit?
416 1585 1016 1759 iittqititpiiitiptiditanaa
1061 1653 1168 1740 armo
1182 1615 1253 1718 1¹⁵,

158 1763 196 1828 de
215 1763 306 1829 tenui
324 1764 412 1828 victu
434 1763 528 1845 plura
546 1762 636 1826 dixit.
672 1761 817 1846 Etenim,
841 1783 991 1846 quaeres
1011 1763 1171 1846 pecuniae

159 1851 368 1934 cupiditatem
387 1850 549 1933 adferunt,
571 1853 608 1914 ut
632 1850 748 1931 amori,
771 1853 808 1914 ut
825 1849 1009 1934 ambitioni,
1031 1854 1070 1914 ut
1088 1853 1169 1916 coti·

158 1938 262 2004 dianis
294 1935 475 2022 sumptibus
507 1937 620 2020 copiae
652 1941 841 2022 suppetant,
874 1960 946 2003 curn
977 1938 1092 2021 procul
1124 1939 1168 2004 ab
1253 1968 1254 2037 q

158 2026 209 2092 his
238 2026 388 2092 omnibus
420 2027 516 2091 rebus
549 2026 647 2108 absit,
679 2047 736 2090 cur
766 2026 936 2109 pecuniam
968 2047 1167 2110 magnopere
1182 2054 1210 2093 co
1253 2039 1254 2058 l

105 2135 139 2184 90
158 2113 319 2179 desideret
344 2114 397 2178 vel
423 2115 531 2197 potius
559 2134 615 2178 cur
638 2117 728 2178 curet
755 2113 909 2178 omnino?
953 2114 1007 2178 An
1030 2111 1168 2197 Scythes

157 2201 355 2266 Anacharsis
373 2202 480 2285 potuit
497 2223 556 2284 pro
574 2200 679 2267 nihilo
702 2201 871 2284 pecuniam
889 2201 1017 2285 ducere,
1039 2207 1168 2270 nostra·

156 2296 207 2355 tes
239 2288 427 2374 philosophi
454 2289 559 2354 faeere
586 2311 652 2355 non
678 2289 852 2373 poterunt?
900 2288 994 2355 Illius
1027 2291 1169 2374 epistula

157 2377 261 2444 fertur
282 2376 335 2442 his
357 2378 477 2443 verbis:
510 2377 764 2445 ‘Anacharsis
786 2375 966 2443 Hannoni
994 2378 1167 2444 salutem.

157 2465 252 2530 Mihi
285 2467 444 2532 amictui
477 2470 535 2532 est
562 2463 784 2548 Scythicum
811 2467 994 2550 tegimen,
1024 2467 1205 2534 calcia-as

157 2557 323 2620 mentum
354 2555 522 2619 solorum
550 2553 703 2637 callum,
721 2553 861 2619 'cubile
888 2557 1005 2637 terra,
1032 2553 1167 2638 pulpa·

157 2645 324 2706 mentum
364 2642 498 2726 fames,
538 2641 654 2723 lacte,
695 2663 821 2726 caseo,
866 2661 978 2706 carne
1024 2663 1166 2708 vescor.

158 2727 282 2805 Quare
304 2733 346 2796 ut
369 2730 414 2794 ad
437 2730 607 2815 quietum
629 2751 686 2794 me
708 2729 803 2794 licet
825 2731 966 2794 venias.
1009 2727 1167 2798 Munera

103 2883 106 2897 ,
158 2820 284 2882 autem
310 2817 402 2896 ista,
435 2818 573 2902 quibus
601 2838 639 2881 es
668 2816 897 2900 delectatus,
929 2817 989 2882 rel
1016 2818 1166 2884 civibus

157 2906 238 2970 tuis
272 2905 338 2969 vet
370 2903 427 2978 dis
464 2905 749 2971 immortalibus
780 2905 898 2970 dona?
948 2904 1067 2970 Omnes
1098 2906 1205 2973 fereae

156 2991 343 3076 philosophi
371 2993 515 3059 omnium
547 2992 803 3076 disciplinarum,
833 2994 897 3058 nisi
924 3015 1004 3078 quos
1032 3016 1052 3058 a
1077 2999 1166 3059 recta

156 3081 282 3146 ratione
309 3084 426 3146 natura
452 3081 570 3148 vitiosa
597 3080 801 3164 detorsisset,
828 3081 938 3147 eodem
964 3081 1027 3147 hoo
1056 3082 1165 3148 animo

104 3189 136 3236 91
157 3190 227 3234 esse
249 3171 434 3252 potuertmt.
483 3167 644 3252 Socrates,
670 3169 706 3234 in
732 3191 853 3253 pompa
875 3191 947 3235 oum
974 3189 1094 3254 magna
1115 3170 1164 3235 vis

156 3257 226 3321 auri
258 3257 446 3342 argentique
476 3257 628 3340 ferretur,
658 3253 790 3332 ‘Quam
817 3258 940 3323 multa
961 3277 1037 3322 non
1065 3257 1165 3322 desi·

155 3341 273 3408 dero!'
296 3344 409 3427 inquit
453 3342 666 3426 Xenocrates,
696 3366 769 3408 cum
792 3345 893 3430 legati
915 3346 957 3410 ab
979 3344 1162 3410 Alexandro
1177 3371 1203 3412 a

154 3430 389 3513 quinquaginta
412 3431 442 3494 ei
465 3432 587 3495 talenta
610 3431 809 3515 attulissent,
832 3453 914 3517 quae
935 3436 1005 3497 erat
1026 3434 1163 3516 pecunia

154 3515 354 3597 temporrhus
373 3517 453 3600 illis,
471 3517 609 3582 Athenis
627 3518 829 3604 praesertim,
851 3541 1011 3604 maxuma,
1029 3521 1163 3586 abduxit
