2564 3952
157 189 222 256 336
352 187 649 244 TUSCULANARUM
669 187 970 242 DISPU'I'ATIONUM

94 371 102 388 ·
201 351 496 436 Erymanthiam
532 350 625 415 haec
661 348 883 414 vestificam
925 347 1072 413 abiecit
1109 348 1170 412 be‘-

202 527 306 592 Haee
325 529 343 591 ό
361 527 547 591 Tartarea
569 526 772 590 te'nebrioa
790 435 1173 608 abstracih‘lhrmrilaga

202 614 430 699 Tricipitem
453 613 585 678 eduxit
607 609 745 698 Hydra,
767 616 994 698 generatum
1017 611 1172 676 canem?

202 703 304 769 Haec
327 701 528 768 interemit
550 703 657 767 tortu
680 700 979 786 multiplicabili

203 793 414 857 Draco‘nem
434 789 641 854 auriferam
659 790 798 854 obtutu
821 789 1089 854 adservantem
1113 789 1199 851 sir-5

202 967 327 1032 Multa
350 967 429 1031 a'lia
451 965 594 1030 victrix
616 967 752 1030 nostra
773 875 1133 1046 lustravitohiehlhha

202 1053 691 1139 Necquisquamenostris
706 1053 834 1136 spolia
856 1053 960 1136 cepit
982 1051 1174 1119 laudibus.

159 1197 377 1262 Possumusne
395 1185 454 1259 n'os
474 1197 679 1258 contemnere
697 1193 854 1272 dolorem,
873 1215 945 1258 cum
964 1193 1071 1280 ipsum
1091 1191 1173 1257 Her·
1263 1181 1273 1215 ‘¹

160 1285 264 1349 culem
287 1286 356 1345 tam
378 1281 591 1346 intoleranter
613 1282 722 1347 dolere
744 1281 931 1346 videamus?
1247 1349 1254 1360 ,

110 1349 150 1475 ἐξ
225 1370 346 1435 Veniet
376 1367 571 1453 Aeschylus,
602 1393 670 1435 non
700 1373 798 1454 potita
830 1370 948 1452 solum,
984 1368 1039 1433 sed
1072 1369 1213 1433 etiamn

159 1459 398 1544 Pythagoreum
432 1457 478 1522 sic
511 1459 595 1522 enim
628 1459 818 1541 accepimus.
876 1457 946 1533 Quo
979 1456 1076 1522 modo
1109 1457 1176 1522 fert
1270 1494 1273 1498 ·

159 1547 245 1633 apud
268 1569 341 1612 eum
362 1545 574 1610 Prometheus
603 1546 761 1630 dolorem,
784 1567 878 1630 quem
900 1544 1019 1628 excipit
1042 1544 1084 1610 ob
1108 1545 1175 1609 fur-

159 1640 230 1701 tum
252 1634 435 1700 Lemnium!

205 1758 313 1824 Unde
336 1757 440 1842 ignis
463 1757 569 1822 cluet
590 1757 821 1822 mortalibus
848 1758 945 1822 elam

204 1845 376 1928 Divisus3
400 1867 481 1910 eum
505 1845 640 1910 doetus
666 1844 918 1910 Prometheus

205 1931 402 2018 Olepsisse
425 1934 513 1998 dolo
536 1935 756 2017 poenasque
778 1933 864 1998 Iovi

248 2021 343 2086 Fato
367 2020 595 2104 expendisse
619 2022 803 2106 supremo.

161 2162 230 2315 hlas
253 2160 355 2245 igitur
376 2181 498 2244 poenas
521 2160 663 2244 pendens
688 2162 810 2226 adfixus
830 2161 871 2226 ad
889 2159 1070 2228 Caucasum
1093 2163 1175 2229 dicit

185 2272 256 2315 aec:

204 2372 383 2438 Titanum
407 2374 577 2458 suboles,
600 2373 708 2438 socia
729 2373 856 2438 nostri
880 2373 1100 2459 singninis,
1189 2395 1214 2434 so

206 2460 397 2526 Generate
420 2458 550 2545 Caelo,
576 2459 742 2545 aspicite
765 2461 975 2546 religatum
998 2464 1151 2546 asperis

205 2547 465 2633 Vinctumque
490 2550 608 2633 saxis,
630 2551 765 2614 navem
783 2554 824 2613 ut
841 2548 1046 2616 horrisono
1070 2550 1174 2617 freto

205 2635 365 2702 Nocte'm
387 2641 575 2720 paventes
598 2634 727 2702 timidi
751 2636 961 2702 adnectunt
982 2640 1151 2704 navitae.

207 2723 414 2789 Saturnius
437 2746 494 2789 me
518 2724 573 2790 sr'c
596 2725 732 2791 infixit
753 2724 943 2809 Iuppiter,

205 2809 384 2895 Iovisque
406 2834 542 2878 numen
564 2812 771 2878 Mulciberi
794 2812 935 2878 ascivit
957 2836 1100 2880 manus.
1188 2833 1212 2873 25

128 2970 136 2979 ,
206 2898 284 2964 Hos
307 2897 375 2964 ille
399 2921 540 2966 cuneos
562 2900 713 2966 fabrica
736 2900 883 2965 crudeli
904 2900 1079 2968 inserens

205 2985 388 3071 Perrupit
410 2993 531 3072 artus3
555 2990 627 3072 qua
651 2989 766 3054 miser
792 2990 974 3054 sollertia

205 3073 559 3140 Transverberatus
593 3078 761 3142 castrum
788 3076 858 3142 hoe
884 3077 1086 3143 Furiarum
1117 3078 1174 3144 in·

784 3227 787 3232 .
988 3167 1084 3232 colo.

109 3271 143 3317 24
206 3250 285 3316 Iam
307 3251 427 3316 tertio
451 3273 508 3316 me
531 3256 678 3336 quoque
701 3253 858 3318 funesto
882 3253 943 3318 die
1267 3323 1268 3330 χ

206 3338 329 3404 Tristi
351 3337 535 3402 advolatu
559 3340 718 3404 aduncis
742 3340 920 3407 lacerans
943 3343 1138 3428 unguibus
1188 3361 1212 3400 ³⁰
1267 3357 1268 3398 l

205 3423 310 3490 Iovis
334 3425 498 3490 satelles
520 3429 634 3510 pastu
656 3427 825 3493 dilaniat
847 3429 937 3495 fero.
1267 3403 1268 3477 i

206 3511 297 3576 Tum
320 3514 450 3578 iecore
473 3515 599 3596 opimo
621 3514 727 3580 farta
750 3518 786 3580 et
810 3518 955 3582 satiata
979 3518 1144 3585 adfatim
