2470 3962
130 152 151 214 6
351 149 641 205 AGADEMICORUM
659 149 918 208 POSTERIORUM

129 333 215 398 nega
216 312 401 398 tlhpicurus
415 333 447 380 se
461 313 531 378 sine
549 313 663 396 volupt
664 313 771 388 atibus
786 337 916 380 sensum
933 318 1063 380 movent
1049 315 1142 380 tibus

129 423 170 468 ne
185 401 340 485 auspican
331 399 505 486 puteaux
524 402 550 466 si
564 423 640 466 vero
654 400 864 467 Academiam
877 405 1021 468 veterem
1033 425 1143 486 perse·

130 511 277 573 ιιιιιιιιιιιι,
305 511 401 573 quam
427 511 501 572 nos,
528 493 565 553 ut
592 490 666 572 scis,
695 491 884 575 probamus,
916 512 1011 576 quam
1044 495 1144 556 erunt

130 578 190 644 illa
203 581 294 643 acute
309 577 500 661 explicanda
512 577 619 642 nobis!
639 600 736 661 quam
750 583 873 663 argute,
892 601 990 663 quani
1004 579 1143 644 obscure

131 667 231 732 etiam
248 669 362 732 contra
380 664 506 732 Stoicos
530 665 764 730 disserendum!
801 667 920 732 'lotum
937 667 1038 751 igitur
1057 667 1141 732 illud
1159 693 1175 730 a

129 754 355 838 philosophiae
384 753 526 818 studium
553 753 633 818 mihi
661 755 789 839 quidem
815 756 887 838 ipse
913 776 1005 820 sumo
1037 759 1069 820 et
1099 755 1143 820 ad

9 903 18 919 ,
129 843 215 908 vitae
243 842 475 943 constantiam,
508 845 663 924 quantum
689 846 898 926 possum,ct
865 844 971 908 ataui
1001 843 1142 909 delectu·

130 932 254 998 tienem
280 931 380 996 animi
406 951 465 994 nee
491 930 593 994 ullum
617 931 702 996 asbit
702 953 770 1013 ror,
797 935 835 995 ut
862 931 947 1016 apud
969 931 1142 998 Platonem

131 1022 193 1102 cst,
221 1019 327 1083 maius
354 1021 411 1104 aut
396 1017 552 1082 tmelius
580 1039 600 1081 a
631 1018 681 1082 dis
714 981 770 1082 dai
755 1023 825 1083 tum
857 1041 973 1084 munus
1005 1019 1141 1085 homini.

96 1121 112 1168 8
132 1099 193 1172 Sed
211 1128 300 1172 meos
319 1107 452 1190 amieos,
475 1107 510 1170 in
532 1107 650 1208 quihus
668 1110 718 1170 est
738 1107 926 1190 studiumf
917 1130 950 1172 m
970 1107 1140 1172 Graeciam
1158 1135 1210 1193 10,

131 1195 225 1260 mitto
251 1195 298 1274 [id
320 1198 370 1258 est
392 1194 432 1259 ad
453 1193 626 1259 Graecos
615 1216 662 1258 ire
684 1195 809 1278 iuhe0],
832 1200 869 1260 ut
892 1218 930 1260 ea
952 1217 968 1260 e
992 1196 1140 1262 fontibus

130 1282 240 1367 potius
257 1281 410 1346 hauriant
428 1303 526 1366 quam
540 1282 662 1347 rivulos
678 1287 902 1348 consectentur
908 1333 915 1366 ,
865 1305 1015 1368 umquae
1031 1287 1141 1350 autem

130 1392 226 1436 nemo
260 1369 363 1434 adhue
395 1370 547 1435 docuerat
579 1391 637 1436 nee
669 1374 738 1436 erat
768 1371 852 1436 unde
888 1372 1024 1437 studiosi
1057 1372 1140 1437 scire

130 1461 275 1542 possent,
306 1481 358 1542 ca,
389 1461 543 1543 quantum
576 1459 670 1542 potui
700 1457 797 1544 (nihil
829 1461 914 1524 enim
941 1481 1140 1545 magnopere

131 1568 277 1612 meorum
295 1543 421 1630 miror),
444 1546 506 1610 feci
525 1550 562 1610 ut
585 1551 691 1612 essent
713 1551 792 1613 ncta
811 1549 945 1630 nostris3
970 1547 1140 1613 aGraeeis
1156 1575 1183 1612 ιι

131 1635 218 1699 enim
236 1636 304 1719 peti
317 1657 383 1700 non
399 1639 552 1718 poterant
570 1657 607 1699 ae
625 1639 701 1718 post
714 1635 747 1700 L.
763 1634 847 1700 Aelii
865 1636 971 1700 nostri
989 1658 1141 1701 occasum

132 1744 172 1788 ne
204 1746 224 1788 a
254 1722 379 1788 Latinis
412 1723 548 1808 quidem.
601 1723 647 1788 nt
677 1727 788 1787 tamen
819 1725 855 1787 in
881 1725 947 1788 illis
974 1725 1140 1789 vetenibns

131 1812 267 1894 nostris,
303 1834 385 1897 quae
421 1810 611 1896 Menippum
642 1811 775 1893 imitati,
815 1833 882 1876 non
925 1812 1140 1896 interpretati,

132 1900 270 1984 quadam
300 1900 466 1964 hilaritate
499 1898 748 1984 conspersimus,
780 1899 884 1964 multa
920 1901 1064 1964 admixta
1101 1923 1140 1966 ex

131 1988 249 2052 intima
270 1987 493 2072 philosophia,
520 1987 624 2052 multa
651 1986 736 2052 dicta
763 1987 941 2072 dialectice3
972 2010 1052 2072 quac
1076 2011 1140 2074 quo
1154 2014 1181 2052 ao

131 2075 259 2140 facilius
283 2075 389 2140 minus
412 2075 500 2140 docti
518 2075 756 2159 intellegerent,
779 2076 976 2142 iucunditate
1000 2077 1141 2160 quadam

133 2163 363 2248 adlegandum
382 2162 579 2245 iniitati...3
602 2163 636 2226 in
659 2163 914 2248 laudationibus,
936 2165 971 2228 in
989 2165 1040 2228 his
1058 2166 1140 2249 ipsis

132 2252 363 2336 antiquitatum
372 2251 789 2335 prooemiis†philosophie
819 2254 958 2318 seribere
971 2253 1141 2338 voluimus

98 2341 162 2462 3si
184 2338 280 2404 modo
304 2340 469 2404 consecuti
491 2361 610 2441 sumus.
679 2395 689 2416 ,
713 2428 720 2440 ῃ

97 2475 113 2522 9
198 2425 280 2492 Tum
304 2447 377 2512 ego:
410 2425 508 2512 Sunt,
536 2449 668 2513 mquam
675 2477 684 2510 ,
711 2431 774 2492 1sta
781 2477 790 2510 ,
812 2428 927 2494 Varro.
971 2428 1057 2494 Nam
1079 2453 1140 2496 nos
1154 2454 1180 2493 m

133 2517 167 2580 in
180 2519 293 2580 nostra
305 2516 385 2580 urhe
400 2516 634 2600 peregrinantis
645 2517 845 2600 errantisque
852 2520 1020 2602 tamquam
1030 2518 1141 2602 hospi-

132 2608 181 2668 tes
208 2604 257 2668 tui
288 2603 364 2668 libri
395 2605 488 2688 quasi
515 2604 644 2668 domum
672 2603 878 2689 reduxerunt,
907 2609 944 2670 ut
970 2627 1141 2689 possemus

133 2690 320 2777 aliquande,
338 2693 443 2775 quiet
461 2692 518 2756 uhi
536 2713 688 2776 essemus,
711 2712 894 2776 agnoscere.
931 2693 980 2757 Τιι
999 2697 1140 2758 aetatem

132 2780 271 2864 patriae,
292 2783 329 2844 tu
353 2779 576 2864 discniptiones
597 2784 793 2863 temporum,
815 2785 852 2845 tu
875 2802 1038 2846 sacrorum
1060 2783 1140 2867 iura,

132 2873 169 2934 tu
197 2867 412 2951 sacerdotum,
438 2870 474 2932 tu
502 2867 723 2951 domesticam,
754 2873 791 2934 tu
817 2869 966 2934 bellicam
998 2869 1139 2953 discipli·
1154 2895 1180 2934 so

131 2979 222 3039 nam,
244 2959 281 3021 tu
303 2956 411 3020 sedem
433 2956 616 3042 regionum,
637 2957 802 3040 locorum,
830 2962 865 3021 tu
889 2957 1032 3022 omnium
1059 2958 1140 3023 clivi-

132 3066 247 3110 narum
265 3044 539 3128 humanarumque
561 3065 669 3110 rerum
691 3045 836 3124 nomina,
864 3065 995 3129 genera,
1023 3045 1141 3128 officia,

134 3155 246 3198 causas
284 3132 440 3216 aperuisti
478 3133 715 3216 plurimumque
751 3133 836 3197 idem
876 3134 981 3216 poetis
1017 3135 1140 3199 nostris

134 3221 326 3306 omninoque
344 3219 468 3286 Latinis
488 3223 521 3284 ct
537 3221 655 3285 litteris
674 3221 805 3284 luminis
825 3223 858 3284 et
875 3221 980 3286 verbis
1000 3222 1140 3286 attulisti

134 3313 230 3393 atque
248 3309 317 3392 ipse
336 3309 461 3374 varium
480 3311 513 3373 et
531 3309 661 3394 elegans
680 3309 767 3372 omni
788 3306 854 3372 fere
874 3330 1005 3374 numero
1024 3314 1139 3392 poiima
1153 3334 1179 3374 ιι

132 3397 239 3462 fecisti
261 3397 562 3481 philosophiamque
585 3395 696 3459 multis
719 3395 802 3459 locis
822 3395 995 3481 inchoasti,
1019 3398 1060 3462 ad
1081 3398 1141 3463 im·

81 3505 114 3552 10
133 3484 317 3568 pellendum
336 3486 424 3563 satis,
443 3485 484 3548 ad
502 3482 698 3548 edocendum
716 3504 839 3566 parum.
874 3481 1014 3550 Causam
1032 3489 1142 3550 autem
