2568 3948
323 237 391 292 ΜΒ.
410 239 456 294 IV.
486 237 562 292 cap.
583 245 704 293 ar-aa
731 243 887 304 §ss-ea
1044 237 1109 300 225

98 402 190 486 ipsas
223 421 274 464 res
307 399 517 474 conferamus.
571 399 639 466 Nec
670 401 732 466 hoc
758 399 813 463 ille
840 421 905 465 non
933 399 1026 482 vidit,
1054 399 1109 464 sed

100 490 275 554 verborum
303 487 544 572 magnificentia
572 491 622 552 est
649 493 681 552 et
708 488 812 573 gloria
839 487 1030 569 delectatum
1054 488 1109 571 qui

102 577 129 640 si
161 598 212 660 ea,
240 597 321 660 quae
349 576 439 659 dicit,
472 575 519 639 ita
546 575 693 657 sentiret,
725 579 762 639 ut
789 575 888 640 verba
916 575 1109 660 significant,

101 663 179 748 quid
208 665 293 728 inter
321 683 394 728 eum
421 666 454 726 et
479 662 530 727 vel
552 662 752 748 Pyrrhonem
780 665 832 728 vel
854 663 1039 727 Aristonem
1062 663 1109 727 in-

72 751 263 817 steresset?
291 751 342 815 sin
370 752 478 814 autem
501 772 556 814 cos
584 773 649 816 non
671 751 844 834 probabat,
872 751 948 835 quid
976 751 1110 815 attinuit

102 861 176 903 cum
199 839 254 918 iis,
278 838 468 922 quibuscum
490 859 525 902 re
548 840 752 921 concinebat,
775 839 882 903 verbis
907 837 1108 922 discrepare?

101 926 200 1010 Quid,
232 927 260 990 si
292 927 487 991 reviviscant
517 923 665 991 Platonis
701 926 763 1009 illi,
801 931 834 990 et
869 926 1017 1010 deinceps
1055 926 1109 1010 qui
1128 939 1159 986 61

101 1036 213 1079 eorum
245 1014 409 1078 auditores
439 1014 583 1098 fuerunt,
621 1019 653 1078 et
688 1018 795 1079 tecum
831 1015 878 1078 ita
914 1013 1108 1097 loquantur?

104 1100 185 1167 ‘Nos
215 1123 286 1190 cum
313 1106 358 1184 te,
387 1100 431 1166 M.
454 1100 549 1185 (lato,
576 1102 847 1167 studiosissimum
874 1101 1110 1185 philosophiae,

61 1215 88 1254 ro
101 1190 318 1255 iustissimum
336 1190 456 1273 virum,
479 1190 638 1273 optimum
656 1190 808 1274 iudicem,
830 1190 1110 1274 religiosissimum

100 1281 234 1361 testem,
266 1277 461 1361 audiremus,
491 1276 641 1343 admirati
669 1301 792 1360 sumus,
824 1279 900 1362 quid
927 1281 1026 1361 esset,
1054 1300 1110 1342 cur

101 1366 196 1430 nobis
221 1364 348 1430 Stoicos
373 1366 560 1449 anteferres,
584 1367 640 1450 qui
664 1365 702 1430 de
724 1366 819 1430 rebus
842 1367 936 1432 bonis
960 1369 993 1431 et
1014 1367 1108 1430 malis

102 1453 261 1518 sentirent
283 1474 333 1531 ea,
356 1474 437 1537 quae
462 1453 502 1518 ab
526 1454 588 1518 hoc
606 1453 780 1519 Polemone
799 1452 885 1519 Zeno
907 1458 1110 1538 cognoverat,

100 1541 288 1606 nominibus
316 1544 483 1606 uterentur
509 1542 564 1620 iis,
591 1563 672 1626 quae
704 1542 808 1626 prima
837 1542 942 1626 specie
974 1542 1110 1606 admira·

62 1654 88 1693 15
101 1629 239 1712 tionem,
266 1650 300 1692 re
328 1630 489 1713 explicata
515 1629 617 1694 risum
644 1633 818 1715 moverent,
863 1629 912 1692 Tu
938 1632 1059 1712 autem,
1083 1631 1110 1693 si

101 1717 164 1781 tibi
196 1717 253 1781 illa
284 1717 520 1800 probabantur,
552 1738 610 1781 cur
640 1739 706 1780 non
738 1717 876 1801 propriis
912 1717 1021 1781 verbis
1053 1717 1111 1781 illa

100 1804 260 1869 tenebas?
280 1805 329 1868 sin
347 1807 380 1868 te
399 1805 575 1868 auctoritas
595 1805 833 1888 commovebat,
852 1804 990 1869 nobisne
1008 1805 1109 1869 omni·

100 1894 163 1957 bus
192 1895 225 1956 et
246 1891 378 1957 Platoni
405 1887 469 1976 ipsi
497 1893 606 1958 nascio
631 1901 726 1976 quem
750 1892 843 1956 illum
867 1892 1110 1976 anteponebas?

101 1981 295 2065 praesertim
319 2001 391 2044 cum
415 1981 450 2049 in
469 2002 504 2044 re
526 1980 657 2064 publica
679 1980 829 2065 princeps
854 2003 923 2045 esse
946 1980 1046 2044 velles
1071 1981 1111 2044 ad

61 2094 88 2133 ao
103 2089 237 2152 eamque
264 2068 417 2132 tuendam
445 2090 517 2132 cum
547 2091 673 2133 summa
698 2072 755 2134 tua
783 2069 941 2153 dignitate
971 2069 1111 2133 maxime

103 2179 122 2222 a
150 2157 246 2221 nobis
275 2157 382 2220 ornari
411 2158 507 2240 atque
534 2157 651 2221 instrui
678 2177 798 2240 posses.
849 2157 882 2220 A
908 2157 1003 2222 nobis
1026 2158 1110 2221 enim

102 2245 168 2309 ista
200 2244 360 2328 quaesita,
394 2266 412 2308 a
443 2244 538 2309 nobis
570 2244 746 2329 descripta,
781 2247 908 2328 notata,
940 2250 1112 2328 praecepta

104 2335 193 2415 sunt,
217 2332 423 2415 omniumque
446 2353 552 2395 rerum
575 2332 778 2416 publicarum
805 2333 957 2397 rectionis
985 2353 1111 2417 genera,

104 2423 225 2504 status,
246 2420 454 2502 mutationes,
482 2420 570 2504 leges
594 2422 691 2484 etiam
715 2422 747 2483 et
769 2420 922 2483 instituta
946 2441 982 2483 ae
1005 2442 1111 2484 mores

63 2531 89 2572 aa
104 2509 274 2572 civitatum
301 2507 557 2592 perscripsimus.
606 2507 819 2591 Eloquentiae
846 2529 938 2587 vero,
969 2529 1051 2590 quae
1080 2512 1112 2570 et

103 2595 304 2680 principibus
322 2595 464 2659 maximo
485 2599 674 2661 ornamento
694 2599 757 2677 est,
781 2598 813 2659 et
832 2598 945 2679 quate
965 2595 1111 2659 audimus

104 2682 212 2748 valere
231 2683 418 2768 plurimum,
441 2687 598 2768 quantum
616 2683 677 2747 tibi
701 2706 739 2748 ex
757 2682 974 2747 monumentis
992 2683 1112 2748 nostris

105 2769 315 2835 addidissesl'
365 2770 415 2835 Ea
439 2793 511 2836 cum
539 2771 708 2855 dixissent,
738 2771 814 2854 quid
836 2771 967 2836 tandem
989 2771 1111 2836 talibus

104 2859 183 2923 viris
213 2858 447 2942 responderes?
501 2859 664 2944 Rogarem
696 2862 743 2941 te,
774 2859 891 2943 inquit,
923 2863 961 2923 ut
991 2859 1165 2929 diceresne

64 2971 90 3012 so
104 2967 163 3031 pro
192 2968 243 3010 me
270 2951 306 3010 tu
333 2946 431 3029 idem,
459 2947 514 3030 qui
544 2947 609 3010 illis
634 2948 813 3012 orationem
836 2947 1037 3029 dictavisses,
1061 2948 1111 3011 vel

103 3035 210 3119 potius
238 3035 370 3119 paulum
397 3034 461 3098 loci
490 3034 582 3117 mihi,
609 3037 646 3099 ut
672 3035 712 3098 iis
740 3035 980 3119 responderem,
1011 3035 1112 3116 darae,

103 3122 168 3186 nisi
199 3125 232 3186 et
262 3124 295 3186 te
324 3122 434 3185 audire
461 3144 546 3186 nunc
574 3122 705 3186 mallem
738 3125 770 3186 et
801 3123 874 3187 istis
907 3127 1016 3187 tamen
1048 3122 1111 3186 alio

104 3213 248 3293 tempore
266 3231 482 3293 responsurus
501 3231 613 3293 essem,
638 3214 708 3275 tum
727 3210 865 3293 seilicet,
884 3233 956 3275 cum
978 3211 1050 3274 tibi.
1069 3245 1111 3255 -

170 3297 292 3382 Atque,
324 3298 353 3362 si
384 3319 494 3362 verum
526 3298 718 3381 respondere
750 3298 863 3380 velles,
901 3295 997 3381 Cato,
1032 3298 1165 3367 hae023

65 3410 90 3451 es
105 3388 197 3450 erant
225 3384 372 3469 dicenda,
399 3407 464 3451 non
488 3407 542 3450 eos
569 3386 632 3450 tibi
655 3408 719 3451 non
741 3387 911 3469 probatos,
940 3386 1040 3449 tantis
1064 3387 1111 3450 in·

105 3473 210 3557 geniis
238 3473 385 3537 homines
413 3476 569 3558 tantaque
597 3475 803 3556 auctoritate,
832 3474 887 3538 sed
913 3477 945 3538 te
970 3473 1112 3538 animad-

105 3562 251 3643 vertisse,
289 3583 368 3644 quas
400 3583 451 3625 res
484 3561 531 3625 illi
563 3565 696 3645 propter
733 3562 960 3646 antiquitatem
997 3584 1112 3646 parum

158 3671 266 3715 010.1v.
289 3675 308 3712 1.
866 3671 898 3717 ll')
