2552 3966
330 241 397 297 ΠΒ.
416 243 438 296 Ι.
467 241 543 296 οΑΡ.
565 248 611 310 rc,
632 248 672 296 rr.
701 247 848 308 §cruor
1041 241 1104 304 113

151 402 241 469 Huic
269 406 376 466 certae
406 380 579 486 stabilique
609 405 788 468 sententiae
822 423 903 487 quae
934 403 1000 467 sint
1030 369 1158 495 con-15}

16 521 17 546 1
83 492 216 574 iuncta,
248 491 415 575 explicabo
448 491 546 556 brevi.
599 490 717 556 Nullus
749 491 784 556 in
815 491 895 574 ipsis
928 511 1017 554 error
1053 493 1103 554 est

84 580 208 643 finibus
232 579 391 644 bonorum
415 579 643 662 etmalorum,
670 578 704 643 id
727 580 834 644 estin
855 578 1023 660 voluptate
1047 581 1104 642 aut

84 669 118 730 in
152 667 280 752 dolore,
313 667 371 730 sed
398 667 432 731 in
459 666 500 731 iis
529 667 625 731 rebus
652 671 799 750 peccant,
826 689 911 750 cum,
939 688 956 730 e
986 666 1103 750 quibus

60 755 170 820 shaec
200 754 393 836 efficiantur,
420 754 580 838 ignorant.
635 754 747 819 Animi
780 758 889 820 autem
920 755 1102 838 voluptates

87 849 120 907 et
154 843 284 908 dolores
312 843 402 907 nasci
429 842 570 907 fatemur
598 865 615 906 e
643 844 786 926 corporis
818 843 1040 927 voluptatibus
1071 846 1104 906 et

86 931 274 1016 doloribus3
298 931 407 1014 itaque
429 931 578 1014 concedo,
602 931 805 1015 quodmodo
829 931 966 1014 dicebas,
990 929 1102 994 cadere

87 1040 202 1101 causa,
223 1019 255 1083 si
278 1019 334 1103 qui
357 1039 374 1082 e
392 1019 512 1083 nostris
532 1019 628 1083 aliter
647 1019 834 1084 existimant
840 1070 850 1103 ,
872 1040 951 1102 quos
975 1018 1103 1102 quidem

84 1106 184 1172 video
217 1129 286 1172 esse
316 1107 448 1190 multos,
477 1107 534 1171 sed
560 1107 742 1190 imperitos,
771 1128 966 1191 quamquam
995 1110 1104 1170 autem

50 1220 73 1258 ιο
87 1199 121 1258 et
144 1195 308 1260 laetitiam
329 1195 426 1260 nobis
449 1195 599 1278 voluptas
622 1195 722 1259 animi
750 1199 783 1259 et
805 1195 989 1260 molestiam
1011 1194 1104 1259 dolor

87 1283 219 1366 afferat,
250 1303 360 1347 eorum
387 1286 498 1348 tamen
520 1286 691 1366 utrumque
715 1287 748 1348 et
771 1287 877 1348 ortum
900 1305 970 1348 esse
994 1305 1011 1347 e
1034 1304 1102 1348 eor-

85 1391 167 1454 pore
196 1374 230 1434 et
258 1371 298 1434 ad
325 1393 442 1454 eorpus
469 1370 597 1454 referri,
622 1392 681 1435 nee
709 1371 751 1436 ob
780 1393 852 1436 earn
880 1393 1011 1436 causam
1035 1392 1103 1435 non

86 1459 195 1524 multo
228 1459 368 1524 maiores
402 1480 472 1523 esse
505 1461 538 1523 et
567 1459 752 1543 voluptates
781 1462 815 1523 et
843 1458 971 1524 dolores
1003 1459 1103 1522 animi

86 1569 188 1630 quam
217 1547 372 1630 eorporis.
420 1545 507 1611 Nam
535 1567 667 1630 corpore
694 1546 777 1610 nihil
803 1547 866 1610 nisi
893 1569 1046 1630 praesens
1071 1550 1104 1610 et

52 1661 75 1700 ιι
89 1635 178 1718 quod
206 1635 299 1700 adest
325 1635 444 1699 sentire
472 1656 657 1718 possumus,
684 1635 793 1698 animo
822 1637 929 1698 autern
957 1637 990 1697 et
1011 1655 1103 1716 prae-

88 1723 189 1786 terita
216 1725 249 1787 et
275 1723 392 1788 futura.
442 1721 489 1787 Ut
513 1724 603 1790 enim
632 1743 731 1805 acque
760 1721 924 1786 doleamus
956 1723 1102 1803 [animo],

90 1833 162 1875 cnm
189 1831 323 1894 corpore
346 1810 508 1893 dolemus,
535 1811 606 1875 fieri
628 1814 738 1875 tamen
760 1830 938 1895 permagna
961 1803 1102 1873 accessio

89 1902 214 1982 potest,
246 1899 275 1963 si
307 1898 438 1982 aliquod
466 1901 632 1963 aeternum
661 1901 694 1962 et
725 1898 887 1962 infinitum
918 1897 1102 1980 impendere

90 1987 214 2052 malurn
241 1987 336 2051 nobis
364 1987 541 2070 opinemur.
591 1985 684 2063 Quod
711 1987 798 2051 idem
824 1987 900 2051 licet
926 1985 1103 2050 transferre

55 2100 79 2139 a
92 2077 125 2138 in
143 2074 354 2158 voluptatem,
373 2078 410 2139 ut
428 2097 466 2139 ea
483 2075 588 2140 maior
606 2074 657 2158 sit,
679 2075 708 2139 si
725 2074 808 2138 nihil
826 2075 893 2139 tale
912 2077 1102 2139 metuamus.

92 2163 162 2227 lam
181 2162 262 2226 illud
281 2163 410 2246 quidem
428 2163 633 2246 perspicuum
651 2166 715 2246 est,
733 2163 834 2227 animi
853 2163 1028 2227 maximam
1048 2165 1103 2226 aut
1122 2179 1156 2227 56

92 2251 296 2334 voluptatem
319 2255 376 2315 aut
398 2250 583 2316 molestiam
600 2251 673 2334 plus
693 2254 750 2315 aut
767 2251 807 2315 ad
830 2250 960 2314 beatam
984 2253 1039 2314 aut
1062 2250 1103 2314 ad

93 2340 246 2403 miseram
268 2339 370 2402 vitam
405 2339 518 2403 afferre
542 2339 697 2403 momenti
725 2360 822 2422 qnam
847 2359 957 2403 corum
981 2342 1102 2402 utrum-

93 2428 156 2510 vis„
183 2427 212 2490 si
240 2448 338 2510 aeque
366 2426 421 2491 diu
448 2426 492 2492 sit
517 2428 551 2492 in
574 2437 715 2511 torpore.
760 2425 836 2490 Non
862 2426 971 2509 placet
994 2429 1103 2489 autem

58 2540 82 2579 ιι
96 2516 240 2578 detracta
261 2514 428 2599 voluptate
451 2515 688 2598 aegritudinem
710 2513 822 2578 statim
846 2514 1013 2596 consequi,
1037 2512 1103 2577 nisi

96 2605 130 2668 in
152 2603 331 2687 voluptatis
354 2602 460 2667 locum
485 2603 579 2668 dolor
602 2602 686 2667 forte
706 2602 908 2684 successerit3
932 2607 967 2664 at
990 2604 1104 2665 contra

96 2691 233 2775 gaudere
252 2693 380 2756 nosmet
399 2691 585 2755 omittendis
604 2690 784 2772 doloribus,
808 2689 934 2761 etiamsi
952 2689 1102 2773 voluptas

87 2795 146 2863 ea,
168 2800 250 2863 quae
273 2801 402 2843 sensum
426 2783 569 2861 moveat,
591 2779 682 2843 nulla
705 2779 907 2860 successerit3
933 2799 1033 2862 eoque
1056 2778 1103 2840 in-

97 2867 206 2951 tellegi
232 2869 354 2951 potest,
383 2869 503 2950 quauta
529 2867 678 2950 voluptas
707 2865 843 2931 sitnon
869 2867 986 2932 dolere.
1040 2864 1102 2930 Sed
1122 2882 1154 2930 57

62 2979 86 3019 eo
98 2958 133 3020 ut
153 2955 193 3018 iis
215 2955 309 3019 bonis
328 2954 495 3039 erigimur,
519 2976 599 3038 quae
618 2957 854 3038 exspectamus
878 2955 924 3019 sic
946 2956 1103 3020 laetamur

98 3043 149 3125 iis,
172 3064 253 3126 quae
275 3042 487 3108 recordamur.
524 3041 623 3106 Stulti
642 3045 749 3106 autern
770 3043 929 3106 malorum
947 3041 1103 3106 memoria

99 3135 297 3214 torquentur,
334 3131 498 3215 sapientes
534 3130 621 3195 bona
658 3131 834 3213 praeterita
869 3133 964 3214 grata
999 3137 1102 3193 recor-

100 3219 224 3283 datione
242 3223 398 3284 renovata
417 3219 588 3283 delectant.
624 3217 686 3282 Est
704 3221 812 3282 autem
829 3219 928 3282 situm
947 3217 981 3283 in
999 3217 1103 3298 nobis,

100 3311 191 3371 utet
219 3307 351 3372 aduersa
379 3308 471 3390 quasi
498 3309 653 3391 perpetua
681 3306 843 3371 oblivione
874 3306 1047 3370 obruamus
1071 3308 1104 3368 et

67 3395 233 3461 sesecundo
255 3393 391 3459 iucunde
419 3416 457 3460 ao
485 3395 626 3459 suaviter
651 3395 899 3458 meminerimus.
944 3391 1008 3458 sed
1031 3413 1102 3458 oum

16 3543 20 3556 ,
102 3506 148 3566 ea,
174 3503 255 3567 quae
283 3483 531 3566 praeterierunt,
560 3482 626 3547 aori
654 3482 761 3547 animo
785 3484 819 3546 et
849 3484 974 3546 attento
998 3482 1102 3546 intue-

104 3593 179 3655 mur,
202 3575 273 3636 tum
291 3571 341 3653 fit,
364 3575 401 3635 ut
420 3569 588 3655 aegritudo
608 3573 774 3654 sequatur,
796 3570 824 3636 si
847 3570 904 3636 illa
922 3571 1008 3636 mala
1027 3571 1107 3652 sint,

150 3682 255 3725 orc.1v.
278 3685 297 3723 1.
870 3679 886 3726 8
