2552 3966
473 192 540 246 mn.
560 192 594 248 11.
623 191 701 280 ene.¹
719 197 832 248 43-45.
863 198 878 258 s
899 199 1045 248 rae-rar.
1229 192 1270 256 81

249 355 349 439 toris,
373 353 494 419 ceteris
512 349 708 438 Academici,
731 354 768 420 de
791 354 895 438 luctu,
924 358 974 420 est
997 355 1083 419 enim
1111 377 1177 420 non
1205 377 1272 420 ma-

253 464 353 529 gnus,
376 465 489 507 verum
508 442 659 508 aureolus
682 445 723 526 et,
745 446 782 507 ut
795 441 961 508 Tuberoni
982 441 1156 510 Panaetius
1180 465 1271 526 prae

255 531 347 614 cipit,
372 531 413 595 ad
425 531 561 596 verbum
575 530 763 595 ediscendus
781 529 920 596 libellus.
953 530 1061 615 Atque
1078 530 1129 595 illi
1143 530 1272 615 quidem

256 619 360 684 etiam
391 618 518 684 utiliter
550 641 570 684 a
600 623 717 684 natura
751 617 901 684 dicebant
937 619 1155 702 permotiones
1190 619 1272 683 istas

227 707 380 772 sanimr's
406 707 528 772 nostris
556 706 665 792 datas,
697 709 819 772 metum
844 706 978 772 cavendi
1006 729 1116 791 cause,
1148 707 1273 771 miseri·

258 795 406 862 cordiam
438 794 738 879 aegritudinemque
771 795 972 880 clementiae,
1009 795 1115 879 ipsam
1149 795 1273 860 iracun-

260 885 349 948 diam
383 882 583 948 fortitudinis
617 884 710 968 quasi
741 887 847 948 cotem
879 905 949 948 esse
986 883 1150 967 dicebant,
1185 887 1272 948 recte

259 993 407 1052 secusne,
431 971 514 1036 alias
535 971 721 1037 viderimus.
765 970 931 1038 Atrocitas
954 972 1085 1056 quidem
1107 972 1172 1037 ista
1194 975 1251 1036 tua

260 1083 324 1144 quo
353 1061 457 1126 modo.
477 1060 512 1123 in
539 1065 682 1124 veterem
708 1059 917 1126 Academiam
948 1061 1120 1146 inruperit,
1147 1061 1273 1144 nesci03

221 1149 319 1214 milla
342 1169 419 1214 vero
441 1147 526 1213 ferre
547 1169 614 1213 non
636 1170 778 1232 possum,
800 1169 867 1213 non
891 1170 952 1233 quo
976 1149 1059 1214 mihi
1081 1149 1274 1232 displiceant

262 1237 353 1329 (sunt
386 1236 472 1301 enim
503 1235 669 1302 Socratica
700 1236 854 1323 pleraque
886 1237 1051 1302 mirabilia
1080 1235 1274 1314 Stoicorum,

262 1347 343 1410 quae
366 1320 540 1409 παράδοξα
561 1321 799 1409 nominantur),
823 1324 879 1390 sed
901 1325 958 1390 ubi
980 1323 1195 1411 Xenocrates,
1216 1325 1274 1390 ubi

261 1413 457 1480 Aristoteles
480 1414 545 1477 ista
573 1412 710 1496 tetigit?
740 1412 801 1477 hos
826 1414 912 1478 enim
934 1413 1026 1497 quasi
1051 1413 1180 1479 eosdem
1203 1435 1274 1479 esse

261 1503 368 1568 vultis.
418 1500 474 1566 Illi
506 1523 659 1585 umquam
691 1500 835 1566 dicerent
865 1502 1028 1585 sapientes
1056 1501 1142 1567 solos
1170 1521 1274 1585 reges,

223 1615 249 1655 ιι
262 1591 350 1656 solos
384 1588 515 1672 diuites,
547 1590 635 1654 solos
667 1588 852 1654 formosos?
885 1590 1006 1672 omnia,
1041 1611 1123 1673 quae
1154 1590 1274 1673 ubique

262 1681 380 1762 essent,
403 1677 558 1762 sapientis
581 1677 674 1743 esse?
696 1677 859 1742 neminem
882 1678 1060 1760 consulem,
1082 1681 1275 1762 praetorem,

154 1827 155 1840 ,
261 1769 501 1851 imperatorem,
523 1766 632 1832 nescio
647 1787 690 1830 an
705 1787 746 1830 ne
761 1765 1007 1850 quinquevirum
1021 1764 1150 1849 quidem
1164 1787 1274 1850 quem·

263 1878 360 1940 quam
383 1855 447 1920 nisi
471 1853 673 1938 sapientem?
704 1857 870 1938 postremo
894 1855 1000 1919 solum
1023 1853 1138 1938 civem,
1170 1854 1274 1919 solum

152 2017 155 2024 ‚
262 1942 425 2014 liberum?
447 1941 636 2025 insipientes
652 1963 763 2008 omnes
777 1943 976 2028 peregrinos,
994 1942 1131 2026 exsules,
1155 1963 1275 2026 seruos,

152 2041 153 2044 ’
224 2057 250 2098 eo
263 2030 427 2098 furiosos?
455 2030 591 2116 denique
615 2031 737 2115 scripte
759 2029 912 2117 Lycurgi,
935 2029 1078 2116 Solonis,
1105 2030 1275 2097 duodecim

262 2121 392 2186 tabulas
414 2123 543 2185 nostras
565 2140 632 2184 non
655 2140 724 2184 esse
747 2118 858 2204 leges?
883 2120 1042 2201 neurbes
1065 2119 1195 2202 quidem
1218 2122 1275 2183 aut

150 2211 153 2298 Ὶζ
263 2209 427 2292 civitatee,
456 2207 521 2274 nisi
549 2228 631 2293 quae
659 2211 768 2272 essent
795 2207 1012 2292 sapientium?
1064 2206 1154 2272 Haec
1181 2207 1252 2292 tibi,

152 2351 153 2390 ,
262 2296 411 2380 Luculle,
439 2297 467 2361 si
491 2319 525 2361 es
550 2295 705 2364 adsensus
727 2295 905 2380 Antiocho,
931 2295 1085 2361 familiari
1108 2299 1179 2380 tuo,
1206 2300 1274 2360 tam

150 2413 160 2480 ,
264 2391 341 2451 sunt
359 2383 560 2451 defendenda
573 2407 670 2470 quam
684 2385 822 2468 moenia,
845 2384 925 2448 mihi
948 2387 1056 2448 autem
1078 2385 1164 2448 bono
1179 2384 1274 2449 modo

150 2481 165 2530 ἰ
224 2477 403 2557 astantum,
427 2476 583 2557 quantum
606 2472 801 2538 videbitur..

331 2561 413 2647 Legi
440 2560 526 2645 apud
546 2559 799 2645 Clitomachum,
830 2581 903 2625 cum
926 2557 1109 2626 Gameedes
1132 2563 1165 2625 et
1192 2558 1264 2626 Stoi

149 2678 153 2724 ι
265 2673 321 2716 cus
344 2649 509 2735 Diogenes
533 2649 574 2715 ad
597 2653 747 2714 senatum
769 2649 804 2714 in
823 2645 985 2732 Capitolio
1010 2652 1142 2734 starent,
1163 2647 1203 2716 A.
1220 2649 1264 2714 Al

150 2731 153 2786 f
264 2741 388 2823 binum,
410 2738 466 2823 qui
488 2741 559 2802 tum
581 2737 617 2802 P.
631 2737 779 2822 Scipione
803 2740 835 2802 et
857 2735 900 2803 M.
914 2735 1071 2804 Marcello
1085 2759 1166 2804 coss.
1184 2760 1275 2823 prae-

265 2832 318 2893 tor
340 2831 435 2911 esset,
458 2849 540 2910 eum,
564 2827 619 2910 qui
642 2849 713 2892 eum
736 2848 796 2892 avo
819 2829 886 2911 tue,
907 2825 1050 2908 Luculle,
1073 2827 1186 2892 consul
1203 2827 1268 2892 fuit

225 2940 252 2982 eo
265 2916 398 2982 doctum
412 2936 489 2980 sane
503 2914 677 2998 hominem,
695 2916 732 2979 ut
745 2914 867 2980 indicat
884 2914 985 2998 ipsius
1003 2914 1142 2981 historia
1155 2915 1240 2999 scrip
1263 2960 1268 2971 ι

267 3003 404 3086 Graece,
430 3004 593 3069 iocantem
616 3003 735 3069 dixisse
759 3000 933 3069 Carneadi:
980 3002 1068 3088 ‘Ego
1096 3003 1171 3088 tibi,
1199 3001 1264 3069 Car

150 3135 153 3142 -
265 3093 376 3176 neade,
398 3095 531 3175 praetor
553 3112 623 3157 csse
641 3113 709 3158 non
721 3091 841 3176 videor,
863 3092 939 3176 quia
962 3093 1095 3177 sapiens·
1111 3113 1176 3158 non
1197 3113 1267 3156 sum

265 3203 325 3247 nec
351 3180 432 3246 haec
459 3180 537 3244 urbs
567 3201 627 3245 nee
648 3181 692 3246 in.
707 3203 745 3246 ea
766 3179 902 3246 eivitas'.
948 3179 1031 3246 Tum
1059 3180 1130 3246 ille:
1177 3178 1276 3244 ‘Hui

152 3307 156 3318 ·
267 3269 377 3335 Stoico
399 3263 472 3334 non'
489 3267 628 3334 videris'.
669 3268 863 3336 Aristoteles
887 3272 944 3335 aut
965 3267 1173 3352 Xenocrates,
1197 3290 1272 3352 quo

228 3385 253 3426 cs
267 3357 449 3424 Antiochus
482 3355 573 3441 sequi
605 3357 747 3436 volebat,
777 3380 844 3423 non
876 3357 1103 3442 dubitavisset,
1134 3357 1213 3440 quin
1245 3379 1276 3422 er

151 3449 154 3456 '
266 3449 399 3531 praetor
428 3445 484 3509 ille
506 3449 593 3510 esset
616 3448 649 3510 et
666 3445 776 3520 ,Roma
798 3446 876 3510 urbs
900 3450 933 3510 et
956 3467 1028 3510 eam
1051 3444 1166 3510 civitas
1189 3444 1262 3511 inco

266 3537 356 3628 leret.
389 3531 452 3600 Sed
474 3533 527 3598 ille
550 3537 662 3600 noster
680 3539 730 3600 est
752 3535 857 3618 plene,
880 3537 917 3598 ut
935 3554 1032 3618 supra
1056 3531 1131 3611 dixi,
1150 3529 1271 3598 Stoicu

321 3637 376 3680 010.
389 3638 430 3680 lv.
445 3640 463 3680 1.
1047 3643 1063 3691 6
