2564 3950
140 162 206 228 376
278 195 280 198 -
335 159 633 216 TUSCULANARUM
650 159 953 215 DISPUTATIONUM

79 337 81 362 ³
139 325 238 389 istam
272 323 351 388 dicit
375 323 583 406 voluptatem.
612 357 651 368 -·
680 320 778 386 Dicat
809 323 1002 408 quamlibet3
1033 345 1155 408 nempe
1277 395 1278 408 ,

76 476 80 498 Ι,
141 434 212 478 eam
239 411 330 496 dicit,
357 413 392 476 in
418 434 483 496 qua
509 411 639 476 virtutis
661 410 753 474 nulla
774 432 850 494 pars
878 411 967 476 insit.
1012 412 1099 497 Age,
1122 414 1155 477 si

139 501 342 584 voluptatem
373 521 441 565 non
470 498 704 584 intellegimus,
739 520 779 562 ne
819 498 963 564 dolorem
999 500 1153 584 quidem?

140 588 233 674 Nego
264 588 366 674 igitur
398 589 466 652 eius
499 609 582 670 esse,
613 587 668 672 qui
696 587 807 652 dolore
835 607 997 652 summum
1027 589 1152 654 malum

140 678 306 756 metiatur,
329 677 527 742 mentionem
549 676 654 740 facere
678 675 817 740 virtutis.
1167 701 1190 742 ⁵

206 765 251 829 Et
278 769 456 851 quenmtur
481 764 612 848 quidam
633 762 798 848 Epicurei,
825 764 887 828 viri
914 765 1031 848 optimi
1060 761 1152 848 (nam

138 854 265 919 nullum
296 874 399 939 genus
432 856 482 918 est
516 853 624 916 minus
657 849 882 937 malitiosum),
918 874 970 916 me
1007 853 1153 918 studiose

139 943 244 1007 dicere
272 947 385 1008 eontra
411 941 597 1025 Epicurum.
646 939 711 1016 Ita,
733 939 846 1022 credo,
877 939 916 1004 de
943 940 1066 1005 honore
1094 945 1153 1006 aut

139 1031 178 1095 de
206 1029 366 1116 dignitate
394 1029 625 1094 contendimus.
673 1027 757 1092 Mihi
784 1049 945 1093 summum
976 1030 1011 1094 in
1040 1029 1151 1095 animo

138 1120 260 1184 bonum
277 1119 416 1202 videtur,
438 1118 488 1182 illi
506 1121 615 1182 autem
638 1117 674 1180 in
696 1137 842 1200 corpore,
865 1117 947 1180 mihi
968 1117 1003 1182 in
1020 1118 1152 1203 virtute,
1168 1142 1206 1182 10

138 1207 189 1272 illi
208 1207 243 1272 in
261 1209 437 1291 voluptate.
468 1204 514 1270 nt
531 1205 582 1270 illi
599 1208 753 1290 pugnant,
772 1208 805 1268 et
823 1205 952 1288 quidem
969 1205 1152 1270 vicinorum

139 1295 235 1360 fidem
264 1295 442 1380 inplorant3
474 1294 569 1359 multi
597 1298 707 1358 autem
735 1296 822 1376 sunt,
850 1293 905 1378 qui
936 1295 1047 1358 statim
1075 1317 1151 1361 con-

102 1444 104 1447 ,
139 1384 256 1449 volent.
309 1383 381 1469 Ego
414 1405 486 1448 sum
517 1383 560 1464 ie,
591 1382 647 1466 qui
679 1380 784 1446 dicam
816 1403 867 1446 me
894 1403 961 1447 non
987 1383 1151 1467 laborare3

86 1487 120 1536 51
141 1476 248 1538 actum
265 1472 466 1554 habiturum,
489 1471 576 1556 quod
595 1470 729 1556 egerint.
765 1467 850 1546 Quid
869 1471 977 1535 enim?
1000 1470 1040 1535 de
1062 1471 1151 1537 bello

139 1561 261 1626 Punico
294 1561 425 1645 agitur?
458 1559 496 1624 de
528 1582 592 1644 quo
623 1561 696 1643 ipso
731 1579 804 1623 oum
837 1558 924 1623 aliud
950 1557 994 1623 M.
1023 1557 1151 1643 (latoni,
1166 1584 1199 1625 1s

141 1650 228 1714 aliud
244 1647 280 1713 L.
297 1649 435 1713 Lentulo
453 1647 627 1732 videretur,
648 1647 741 1710 nulla
762 1646 848 1711 inter
871 1667 926 1711 eos
950 1649 1150 1713 concertatio

139 1759 293 1822 nmquam
318 1737 390 1802 fuit
439 1735 484 1800 Hi
509 1737 607 1801 nimis
634 1735 787 1800 iracunde
815 1738 929 1819 agunt,
958 1737 1152 1818 praesertim

140 1848 213 1891 oum
240 1827 282 1890 ah
309 1826 350 1890 iis
376 1846 443 1890 non
471 1839 551 1890 'sane
584 1823 731 1889 animosa
757 1823 947 1888 defendatur
979 1825 1151 1908 sententia,

138 1937 198 1998 pro
226 1936 290 1998 qua
316 1935 382 1978 non
408 1914 444 1977 in
471 1915 597 1996 senatu,
622 1933 688 1978 non
715 1913 750 1976 in
777 1913 938 1996 contione,
967 1934 1033 1978 non
1065 1913 1152 1996 apud

139 2004 313 2067 exercitum
330 2023 434 2086 neque
453 2001 493 2067 ad
511 2022 659 2066 censores
683 2000 787 2066 dicere
806 2000 953 2066 audeant
990 1998 1054 2066 Sed
1074 2022 1197 2067 01111110

138 2091 213 2156 istis
237 2091 331 2173 alias,
359 2094 392 2153 et
414 2111 451 2154 eo
474 2088 603 2173 quidem
628 2089 749 2171 animo,
778 2089 905 2154 nullum
927 2093 965 2155 ut
987 2092 1150 2154 certamen

139 2177 321 2261 instituam,
344 2199 455 2242 verum
478 2177 657 2242 dicentibus
680 2178 775 2242 facile
794 2177 920 2262 cedam3
942 2182 1071 2242 tantum
1095 2178 1151 2242 ad·

139 2267 292 2345 monebo,
320 2266 348 2330 si
376 2265 515 2331 maxime
542 2287 655 2331 verum
682 2266 726 2330 sit
753 2266 794 2330 ad
821 2287 939 2350 corpus
968 2267 1077 2331 omnia
1102 2288 1152 2332 re·

137 2355 222 2420 ferre
241 2353 421 2438 sapientem
439 2355 519 2438 sive,
541 2358 579 2419 ut
596 2353 765 2419 honestius
785 2354 903 2432 dicam,
925 2355 1009 2419 nihil
1035 2354 1151 2435 facere,

138 2443 202 2508 nisi
229 2442 314 2526 quod
342 2443 505 2526 expediat,
532 2443 600 2508 sive
623 2443 733 2508 omnia
759 2443 879 2508 referre
908 2442 948 2507 ad
973 2443 1151 2508 utilitatem
1166 2468 1196 2508 25

140 2553 245 2614 suam,
267 2531 421 2615 quoniam
442 2530 523 2596 haec
545 2530 732 2614 plausibilia
754 2542 821 2596 non
844 2534 931 2616 sunt,
959 2534 998 2595 ut
1019 2531 1054 2596 in
1078 2533 1151 2597 sinu

139 2620 314 2705 gaudeant,
337 2619 478 2704 gloriose
500 2620 590 2702 loqui
614 2618 771 2688 desinant.

84 2679 128 2805 ii
205 2705 457 2790 Cyrenaicorum
484 2711 588 2772 restat
617 2708 792 2790 sententia3
823 2707 879 2792 qni
908 2711 978 2772 tum
1009 2708 1150 2792 aegritu·
1277 2739 1278 2794 1

139 2795 247 2861 dinem
274 2799 406 2862 censent
434 2795 585 2878 existere,
613 2795 641 2860 si
667 2797 863 2879 necopinato
891 2796 968 2880 quid
999 2797 1150 2862 evenerit
1277 2825 1278 2836 ¹

137 2883 199 2950 Est
225 2883 259 2948 id
285 2883 414 2967 quidem
441 2904 609 2969 magnum,
636 2886 674 2949 ut
696 2905 795 2968 supra
818 2884 896 2969 dixi3
924 2884 1024 2948 etiam
1047 2883 1149 2968 Chry·
1164 2911 1194 2950 eo
1277 2921 1278 2950 t

138 2973 232 3056 sippo
256 2971 303 3036 ita
326 2972 428 3037 videri
451 2973 532 3055 seio,
554 2972 638 3056 quod
660 2973 825 3056 provisum
848 2976 925 3039 ante
947 2995 1013 3038 non
1035 2973 1088 3056 sit,
1114 2973 1150 3038 id

137 3061 233 3125 ferire
248 3060 483 3144 vehementius;
502 3061 639 3125 sednon
656 3064 732 3125 sunt
750 3061 784 3125 in
801 3059 864 3126 hoe
883 3060 1000 3126 omnia.
1032 3060 1151 3136 Quam-

137 3171 235 3233 quam
264 3149 409 3214 hostium
432 3169 547 3232 repens
572 3149 728 3214 adventus
752 3149 857 3232 magis
882 3150 1049 3233 aliquanto
1073 3171 1149 3215 con-

136 3239 248 3303 turbat
282 3259 379 3323 quam
411 3240 611 3320 expectatus,
643 3241 676 3302 et
705 3238 804 3302 maris
833 3238 942 3302 subita
972 3240 1149 3322 tempestas

137 3348 234 3410 quam
257 3329 331 3390 ante
361 3326 493 3409 provisa
514 3329 616 3390 terret
637 3327 829 3411 navigantes
853 3325 1089 3408 vehementius,
1117 3332 1150 3392 et
1163 3350 1192 3392 ee

137 3415 207 3478 eius
231 3414 319 3479 modi
343 3417 418 3478 sunt
446 3414 607 3498 pleraque.
661 3413 738 3497 Sed,
771 3437 844 3480 cum
874 3413 1048 3500 diligenter
1077 3436 1149 3480 nec-

137 3503 343 3585 opinatorum
373 3505 524 3568 naturam
556 3503 751 3587 consideres,
777 3502 859 3574 nihil
888 3503 975 3567 aliud
1004 3505 1149 3596 reperias

86 739 128 802 21

86 817 122 866 so
