2544 3952
163 189 230 256 ’464
360 189 658 250 TUSCULANARUM
677 190 979 248 DISPUTATIONUM

136 352 430 507 aalma
447 341 1178 514 :aaran,reserassent

163 491 322 614 viderdnt,
344 530 400 594 ille
423 531 458 595 in
479 465 680 596 inlinitidtinil
691 552 820 597 omnem
838 465 1114 616 pdregrinabatdr,
1137 537 1177 596 ut

162 618 252 682 nulla
273 617 308 682 in
331 619 533 684 extremitate
556 619 756 685 consisteret.
806 619 975 688 Traditum
998 623 1049 684 est
1074 621 1175 686 etiam

162 704 339 772 Homerum
357 711 487 772 caecum
504 707 618 792 fuisse3
643 711 678 772 at
695 708 764 772 eius
781 708 956 791 picturam,
975 729 1041 772 non
1058 709 1203 791 poesins
1255 769 1257 778 ,

16 829 18 836 ,
163 794 317 860 videmus.
369 793 457 871 Quae
484 795 587 880 regie,
614 817 696 880 quae
719 817 788 879 ora,
819 795 875 880 qui
896 795 988 860 locus
1012 795 1176 880 Graeciae,

115 873 122 886 ’
164 903 245 966 quae
272 883 395 965 species
421 883 589 968 formaque
616 905 756 968 pugnae,
781 905 865 968 quae
889 881 989 962 acies,
1016 884 1102 967 quod
1125 907 1175 949 re·

163 970 314 1054 migium,
343 971 399 1055 qui
428 975 536 1037 motus
564 971 747 1056 hominum,
776 973 833 1056 qui
861 971 1004 1036 ferarum
1024 991 1098 1038 non
1125 973 1174 1036 ita

164 1059 307 1143 expictus
332 1063 394 1138 ast,
414 1063 471 1138 ut,
498 1055 579 1145 qnae
606 1060 676 1144 ipse
698 1082 765 1126 non
787 1052 916 1143 diderit,
945 1062 1005 1134 no‘s
1028 1064 1066 1124 ut
1087 1060 1173 1126 vide·

44 1144 48 1152 ’
163 1167 284 1229 remus,
308 1147 470 1212 effecerit?
512 1148 596 1224 Quid
619 1149 719 1234 ergo?
743 1149 799 1214 aut
821 1147 964 1214 Homero
987 1147 1173 1214 delectatio·
1188 1173 1218 1214 ro

164 1256 239 1300 nem
262 1235 362 1300 animi
386 1257 423 1300 ac
445 1236 646 1320 voluptatem
665 1241 722 1302 aut
745 1238 893 1321 cuiquam
914 1236 1009 1303 docto
1033 1235 1174 1301 defuisse
1251 1300 1257 1325 Ι

113 1336 163 1387 115
186 1344 340 1407 umquam
355 1324 572 1392 arbitramur?
587 1322 655 1408 aut,
665 1326 699 1391 ni
712 1326 760 1390 ita
774 1346 808 1390 se
822 1347 873 1390 res
887 1324 1031 1407 haberet,
1045 1324 1174 1390 Anaxa·
1213 1353 1214 1358 ¹

97 1515 98 1518 Ἴ
163 1411 497 1564 {iili-auidicsspie
510 1411 716 1566 Igemoopitus
736 1416 883 1566 agrosdqt
900 1413 1097 1566 palff.m.⁰¹¹la
1117 1434 1175 1564 pina
1256 1439 1257 1444 ¹

107 1547 111 1554 ’
163 1521 334 1654 attat
360 1522 488 1654 aaut
500 1523 629 1654 ,tte
648 1523 834 1655 reatae
869 1521 1173 1673 lllthilgual
1188 1610 1215 1652 a

162 1675 333 1759 Tiresiam,
360 1699 455 1761 quem
483 1679 662 1762 sapientem
688 1678 817 1762 fingunt
838 1680 967 1761 politae,
995 1698 1174 1760 numquam
1251 1701 1257 1728 ι

119 1843 129 1852 .,
163 1765 321 1830 inducunt
338 1764 561 1848 deplorantem
579 1767 767 1832 caecitatem
782 1787 882 1831 suam.
915 1765 961 1828 At
978 1785 1056 1828 vero
1075 1763 1174 1848 Poly-

84 1929 86 1936 ,
163 1853 317 1938 phemum
345 1851 506 1919 Homerus
536 1875 608 1918 oum
637 1855 800 1919 inmanem
829 1854 995 1936 ferumque
1017 1851 1174 1934 finxisset,
1256 1859 1257 1918 ἶ

164 1963 237 2006 eum
264 1940 363 2020 ariete
387 1942 485 2007 etiam
508 1943 755 2027 conloquentem
784 1941 863 2007 facit
885 1941 1016 2024 eiusque
1039 1939 1173 2004 laudare

92 2114 94 2118 ,
163 2029 324 2111 fortunas,
356 2029 453 2113 quod,
483 2052 547 2113 qua
576 2030 688 2115 vellet,
718 2030 845 2115 ingredi
874 2033 984 2112 posset
1013 2031 1173 2116 etmquae
1188 2053 1214 2092 ao

81 2172 84 2177 .
163 2117 274 2200 vellet,
298 2117 467 2201 attingere.
505 2116 604 2182 Recte
626 2119 679 2183 hic
702 2118 844 2203 quidem3
865 2117 968 2181 nihilo
992 2115 1080 2180 enim
1104 2119 1175 2181 erat

110 2201 398 2357 40ipseInchlops
421 2226 519 2288 quam
542 2206 702 2308 ariesilla
725 2206 945 2355 prudention?
1255 2204 1256 2210 ’

113 2342 272 2447 aad
297 2293 738 2467 afletandane
761 2293 943 2463 1111,
971 2291 1076 2464 ,ln
1089 2314 1174 2445 ,a
1255 2343 1256 2360 ψ

165 2469 328 2552 audiebat,
351 2470 493 2552 etiamsi,
522 2474 559 2535 ut
581 2471 662 2535 mihi
684 2471 866 2553 videbatur,
888 2468 1014 2534 iniuria.
1059 2466 1176 2534 Nostri
1189 2491 1214 2532 as

164 2559 285 2624 Graece
311 2557 380 2622 fere
407 2559 556 2623 nesciunt
578 2580 638 2623 nec
660 2557 774 2624 Graeci
797 2557 922 2624 Latine.
966 2555 1056 2641 Ergo
1082 2555 1117 2620 hi
1140 2557 1176 2621 in

162 2647 294 2729 illorum
326 2649 360 2710 et
390 2646 441 2710 illi
472 2647 507 2710 in
538 2645 654 2712 horum
686 2667 832 2712 sermone
864 2645 966 2727 surdi,
1000 2665 1175 2728 omnesque

163 2736 243 2801 item
270 2755 330 2799 nos
352 2733 449 2798 iniis
476 2734 610 2819 linguis,
638 2757 719 2819 quas
741 2756 808 2799 non
834 2732 1065 2818 intellegimus,
1092 2753 1175 2817 quae
1254 2763 1255 2766 ¹

163 2825 240 2888 sunt
261 2821 527 2904 innumerabiles,
550 2823 639 2889 surdi
661 2822 807 2906 profecto
832 2842 964 2886 sumusa
990 2819 1176 2886 Atracem
1254 2847 1255 2892 r

164 2909 345 2977 citharoedi
366 2930 433 2975 non
455 2909 598 2976 audiunt.
634 2909 684 2976 Ne
708 2909 881 2975 stridorem
907 2909 1036 2993 quim]
1059 2929 1176 2990 serrae,
1189 2931 1215 2974 ao
1254 2921 1255 2984 ᾗ

163 3003 233 3064 tum
257 3019 329 3064 cum
353 2998 491 3081 acuitur,
515 3002 572 3063 aut
593 2998 795 3083 grunditum,
813 3018 885 3062 cum
910 2996 1084 3080 iugulatur,
1109 2996 1176 3060 suis
1254 2985 1255 3059 l

163 3108 237 3171 neo,
274 3107 347 3150 oum
383 3085 546 3170 quiescere
582 3087 709 3170 solunt,
745 3086 908 3150 fremitum
943 3083 1176 3148 murmurantis

164 3175 278 3257 maris;
301 3177 334 3238 et
357 3174 386 3237 si
409 3177 523 3238 cantus
541 3195 596 3239 eos
619 3174 704 3239 forte
726 3173 900 3254 delectant,
924 3171 1065 3256 primum
1088 3172 1178 3254 eogi-
1220 3203 1223 3206 ·

164 3266 234 3327 tare
256 3261 388 3344 debent,
411 3264 486 3326 ante
508 3283 606 3345 quam
629 3261 665 3328 hi
688 3263 755 3326 sint
776 3261 913 3344 inventi,
934 3259 1058 3324 multos
1079 3258 1176 3324 beate

164 3350 284 3416 vixisse
303 3348 479 3433 sapientes,
502 3349 615 3421 deinde
634 3348 737 3414 multo
756 3349 912 3416 maiorem
935 3347 1057 3431 percipi
1080 3367 1177 3430 posse
1191 3367 1218 3410 ss
1253 3419 1254 3424 ἵ

112 3459 162 3512 111
187 3437 331 3524 legendis
359 3436 411 3502 his
439 3459 535 3521 quam
563 3437 730 3502 audiendis
758 3437 967 3519 voluptatem.
1013 3434 1110 3516 Tum,
1140 3439 1177 3499 ut
1253 3447 1254 3450 ’

164 3525 262 3610 paulo
295 3527 370 3589 ante
403 3546 515 3592 caecos
548 3525 589 3591 ad
622 3525 749 3591 aurium
784 3523 1031 3590 traducebamus
1064 3523 1177 3608 volup·
1253 3563 1254 3622 ἶ
