2568 3948
157 161 224 226 254
319 161 367 214 ua
386 161 530 216 ιιιιιιιιιι
548 161 728 216 aouoaun
746 161 794 215 ιι
813 134 996 215 unionum

157 326 190 386 et
213 343 268 387 eos
292 327 484 407 agnoscunt,
512 324 669 406 aquibus
693 323 883 405 educantem
913 323 1026 386 deinde
1050 344 1169 406 aequa-

156 411 242 475 libus
269 409 469 475 delectantur
496 410 697 494 libenterque
726 433 759 474 se
790 432 862 474 eum
892 411 932 475 iis
965 414 1168 495 congregant

158 499 297 582 dantque
320 519 353 562 se
377 499 417 562 ad
439 498 614 562 ludendum
636 499 891 582 fabellarumque
920 498 1084 562 auditione
1107 498 1167 562 du·

158 590 273 652 cuntur
295 586 396 670 deque
415 607 472 670 eo,
502 586 587 670 quod
610 587 690 670 ipsis
714 590 859 669 superat,
887 586 960 650 aliis
988 586 1166 670 gratificari

157 675 270 738 volunt
297 673 622 758 animadvertuntque
651 695 702 757 ea,
730 695 811 758 quae
839 674 927 739 domi
956 675 1052 757 fiunt,
1082 673 1164 738 ouri—
1181 700 1196 738 s

158 763 246 828 osius
274 762 497 845 incipiuntque
524 762 736 826 commentari
766 761 889 845 aliquid
921 765 954 825 et
981 761 1104 826 discere
1132 765 1168 825 et
1274 709 1275 842 ι

158 871 282 932 eorum,
314 871 393 936 quos
429 849 554 932 vident,
590 851 704 914 volunt
739 871 804 914 non
840 849 991 934 ignorare
1021 849 1167 931 nomina,
1274 843 1275 932 l

158 938 337 1024 quibusque
355 937 450 1002 rebus
470 941 541 1002 ιιιιιι
561 938 749 1021 aequalibus
768 936 942 1020 decertant,
960 937 989 1000 si
1007 937 1166 1019 vicerunt,

158 1027 295 1090 efferunt
322 1047 356 1090 se
383 1018 523 1126 laetitia,
550 1025 628 1090 victi
655 1024 866 1089 debilitantur
894 1025 1083 1108 animosque
1111 1023 1165 1087 de·

159 1115 307 1194 mittunt3
332 1135 467 1197 quorum
491 1114 559 1177 sine
583 1134 679 1177 causa
700 1113 771 1177 fieri
795 1112 878 1176 nihil
901 1115 961 1195 put
946 1113 1082 1192 tandum
1106 1115 1165 1176 est
1182 1139 1209 1176 ιο
1274 1127 1275 1136 ’

104 1218 137 1264 43
157 1201 219 1265 Est
251 1201 336 1273 enim
367 1202 484 1264 natura
516 1201 563 1264 sic
597 1204 751 1283 generata
783 1201 832 1264 vis
863 1187 1023 1283 hominis,
1055 1204 1091 1264 ut
1123 1199 1165 1263 ad
1274 1139 1275 1284 ι

157 1309 286 1353 omnem
304 1287 369 1350 virt
355 1291 458 1351 tutem
476 1288 715 1390 percipiendam
733 1287 822 1352 facta
838 1288 996 1369 videatur,
1017 1288 1058 1352 ob
1079 1309 1164 1352 eam·

157 1397 218 1459 que
242 1397 371 1440 causam
394 1377 485 1458 parvi
508 1375 664 1440 virtutum
693 1376 888 1458 simulacris,
915 1397 1049 1460 quarum
1072 1377 1106 1438 in
1130 1397 1165 1438 se
1274 1379 1275 1456 ι

157 1463 278 1528 habent
310 1464 445 1546 semina,
477 1464 552 1528 sine.
575 1463 722 1528 doctrina
754 1467 936 1546 moventur3
969 1467 1045 1528 sunt
1076 1463 1164 1526 enim
1274 1473 1275 1544 l

156 1552 262 1635 prima
285 1551 444 1616 elementa
466 1555 614 1634 naturae,
645 1552 760 1636 quibus
785 1552 888 1616 auctis
916 1551 1046 1616 virtutis
1070 1552 1166 1651 quasi
1180 1577 1209 1616 15

157 1661 289 1724 germen
312 1639 411 1705 efficit
397 1645 457 1704 t.ur
502 1639 589 1705 Nam
618 1661 689 1704 eum
716 1640 765 1703 ιιι
791 1643 862 1703 ιιιιι
853 1639 1080 1722 factique
1055 1661 1166 1722 slmus,

157 1730 253 1792 ιιιιι
281 1727 396 1812 agendi
425 1728 545 1812 aliquid
568 1731 601 1791 et
627 1727 783 1828 diligendi
803 1728 937 1829 aliquos
961 1731 993 1792 et
1020 1727 1167 1790 liberali-

156 1817 236 1880 tatis
268 1819 302 1880 et
332 1816 517 1880 referendae
550 1816 676 1899 gratiae
708 1815 868 1899 principia
897 1816 932 1879 in
963 1815 1058 1880 nobis
1090 1837 1166 1880 con·

156 1905 332 1968 tineremus
365 1907 460 2004 atque
491 1903 532 1967 ad
564 1903 744 1983 seientiam,
780 1903 999 1985 prudentiam,
1035 1902 1101 1967 fort
1087 1903 1176 1967 titu-

158 1991 264 2056 dinem
288 1995 382 2073 aptos
407 1991 531 2056 animos
554 1991 745 2055 haberemus
768 2013 788 2054 a
811 1991 1044 2076 contrariisque
1066 1991 1165 2056 rebus
1180 2015 1208 2054 so
1274 1951 1275 2096 ι

159 2079 295 2161 alienos,
318 2099 384 2143 nou
408 2079 476 2142 sine
500 2100 598 2142 eausa
621 2101 688 2160 eas,
711 2099 790 2162 quas
814 2079 894 2162 dixi,
915 2079 951 2142 in
972 2078 1080 2162 pueris
1097 2080 1165 2144 ιιι·
1274 2099 1275 2134 ι

158 2171 265 2231 tutum
288 2167 379 2249 quasi
403 2166 560 2230 scintillas
583 2166 742 2249 videmus,
765 2187 781 2228 e
805 2167 920 2250 quibus
941 2167 1071 2231 accendi
1092 2167 1165 2250 plri-

127 2261 128 2264 ’
156 2253 287 2337 losophi
309 2254 394 2318 ratio
418 2253 525 2337 debet,
553 2258 589 2318 ut
615 2275 686 2318 eam
713 2254 806 2337 quasi
833 2254 928 2320 deum
955 2254 1068 2318 ducem
1091 2257 1165 2319 sub-

158 2363 293 2427 sequens
322 2342 361 2406 ad
391 2345 524 2406 naturae
556 2342 726 2426 perveniat
757 2345 942 2406 extremum.
995 2341 1096 2425 Nam,
1127 2347 1166 2406 ιιι

159 2451 254 2515 saepe
277 2431 342 2494 iam
366 2429 445 2512 dixi,
466 2431 501 2494 in
523 2431 652 2495 infirma
674 2430 781 2494 aetate
808 2430 1033 2514 imbecillaque
1056 2435 1165 2496 mente
1180 2455 1207 2493 as

157 2520 206 2583 vis
229 2521 363 2583 naturae
387 2518 479 2604 quasi
501 2541 559 2603 per
581 2518 753 2604 caliginem
776 2517 929 2592 seruitum
959 2540 1033 2584 cum
1056 2521 1166 2584 autem

157 2606 365 2690 progrediens
390 2607 599 2672 confirmatur
622 2607 763 2683 animus,
787 2606 935 2690 agnoscit
956 2606 1011 2670 ille
1035 2606 1165 2690 quidem

157 2697 291 2758 naturae
315 2695 393 2777 vim,
418 2695 473 2759 sed
495 2696 557 2777 ita,
579 2698 616 2758 ut
639 2693 790 2778 progredi
811 2695 917 2778 possit
939 2694 1082 2778 longius,
1106 2717 1165 2778 per

158 2803 192 2846 se
216 2782 409 2846 sitientum
432 2781 592 2846 inchoata.
1274 2841 1275 2870 ,

105 2842 148 2966 ff
224 2868 415 2933 Intrandum
434 2870 534 2954 igitur
553 2875 603 2934 est
625 2870 659 2934 in
677 2891 784 2934 rerum
804 2874 952 2935 naturam
975 2876 1006 2935 et
1023 2871 1206 2954 penitusue
1274 2873 1275 2910 ι

159 2957 234 3042 quid
264 2979 302 3020 ea
334 2957 489 3039 postulet,
518 2957 761 3041 pervidendum
793 2958 888 3022 aliter
920 2959 1005 3022 enim
1037 2963 1166 3023 nosmet
1274 2953 1275 3036 l

157 3047 245 3129 ipsos
272 3066 369 3108 nosse
396 3067 462 3110 non
488 3067 668 3129 possumus.
723 3045 815 3120 Quod
846 3050 1055 3129 praeceptum
1088 3047 1166 3131 quia
1274 3043 1275 3050 '

157 3134 261 3197 maius
285 3137 366 3211 erat,
389 3155 486 3216 quam
510 3136 547 3198 ut
565 3134 606 3198 ab
624 3134 753 3199 homine
772 3133 946 3216 videretur,
969 3134 1088 3199 ideireo
1113 3157 1164 3198 as-

159 3223 322 3306 signatum
350 3224 400 3285 est
427 3221 495 3285 deo.
545 3221 640 3286 Iubet
663 3222 764 3306 igitur
790 3242 850 3287 nos
878 3220 1017 3304 Pythius
1041 3222 1164 3306 Apollo
1274 3273 1275 3282 ,

157 3331 289 3374 noscere
311 3309 559 3394 nosmetipsos.
606 3306 757 3393 Cognitio
786 3311 893 3372 autem
922 3309 1002 3373 haec
1028 3314 1078 3374 est
1100 3330 1204 3375 unaes

157 3398 275 3481 nostri,
303 3401 340 3461 ut
362 3398 430 3462 vim
460 3397 603 3481 eorporis
627 3397 788 3480 animique
811 3397 956 3461 norimus
980 3418 1164 3482 sequamur-

159 3507 220 3568 que
244 3507 315 3549 eam
338 3484 453 3569 vitam,
476 3505 556 3568 quae
579 3483 675 3548 rebus
702 3485 742 3548 iis
766 3484 958 3568 perfruatur.
1004 3485 1165 3561 Quoniam
