2502 3960
344 210 413 265 ms.
433 209 467 264 11.
495 209 570 265 ors.
590 216 620 280 r,
639 215 663 264 s.
691 215 706 276 s
728 215 848 267 10-13.
1049 213 1092 277 27

83 373 222 438 dicerent
255 372 473 456 descripsisse.
528 372 608 437 Tum
644 375 676 437 ct
702 373 762 438 illa
792 372 873 440 dixit
903 373 1093 460 Antiochus,
1114 387 1146 438 12

83 483 159 544 quae
186 461 261 525 heri
290 459 427 526 Catulus
454 460 721 526 commemoravit
749 483 769 526 a
796 465 888 545 patre
918 483 977 528 suo
1007 463 1094 529 dicta

82 548 218 633 Philoni,
238 552 272 614 et
294 549 359 614 alia
377 549 481 633 plura,
499 570 557 613 nec
576 569 611 612 se
631 549 743 632 tenuit,
766 550 846 633 quin
867 555 980 614 contra
1000 572 1093 617 auum

84 638 247 702 doctorem
270 637 390 703 librum
409 637 508 701 etiam
531 635 651 720 ederet,
677 637 732 721 qui
756 633 874 703 Sosus
897 638 1092 705 inscribitur.

61 725 163 790 sTum
181 725 286 810 igitur
305 747 378 790 cum
398 728 431 789 et
444 723 645 790 Heraclitum
660 725 803 790 studiose
818 725 962 790 audirem
981 730 1094 792 contra

83 813 281 882 Antiochum
299 813 510 880 disserentem
530 813 654 878 etitem
671 812 867 878 Antiochum
881 818 996 879 contra
1008 815 1092 879 Aca-

84 901 235 986 demicos,
258 902 331 966 dedi
348 901 512 967 Antiocho
532 922 662 985 operam
681 901 878 987 diligentius,
903 905 940 967 ut
963 923 1092 967 causam

84 1011 119 1054 ex
140 1012 180 1055 eo
202 992 310 1054 totam
333 989 568 1076 cognoscerem.
606 987 719 1075 Itaque
742 991 924 1074 complures
947 989 1015 1054 dies
1039 990 1092 1054 ad·

84 1078 183 1143 hibita
212 1077 381 1143 Heraclito
409 1077 575 1163 doctisque
602 1078 821 1162 compluribus
845 1082 878 1143 et
905 1079 939 1142 in
962 1077 1003 1142 iis
1025 1077 1091 1143 An·

53 1192 73 1230 11
84 1166 181 1230 tiochi
207 1166 312 1230 fratre
339 1164 451 1230 Aristo
480 1169 513 1230 et
539 1167 706 1249 praeterea
736 1166 887 1232 Aristone
918 1170 951 1232 et
977 1164 1092 1248 Dione,

84 1255 197 1338 quibus
230 1252 287 1318 ille
324 1254 499 1320 secundum
534 1253 668 1319 fratrem
700 1255 886 1337 plurumum
917 1255 1092 1339 tribuebat,

84 1343 220 1408 multum
249 1343 405 1426 temporis
433 1342 465 1406 in
494 1343 559 1406 iste
586 1363 650 1406 una
673 1341 892 1426 disputatione
923 1363 1090 1427 consump-

84 1431 190 1494 simus.
252 1428 316 1494 Scd
353 1451 391 1494 ca
426 1451 516 1512 pars,
548 1451 629 1514 quae
661 1433 775 1495 contra
807 1430 979 1496 Philonem
1013 1434 1091 1513 erat,

84 1517 371 1601 praetermittenda
395 1521 457 1601 est3
480 1517 587 1582 minus
611 1518 696 1582 enim
720 1539 792 1583 acer
815 1522 865 1584 est
887 1519 1090 1584 adversarius

54 1606 122 1690 ais,
140 1607 197 1692 qui
216 1607 294 1689 ista,
314 1627 396 1690 quae
415 1609 490 1670 sunt
507 1605 578 1670 heri
597 1606 741 1685 defensa,
763 1609 863 1691 neget
881 1606 1091 1672 Academicos

86 1695 212 1760 omnino
237 1694 353 1758 dicere.
391 1693 465 1758 Etsi
489 1694 575 1759 enim
597 1695 760 1778 mentitur,
782 1697 893 1758 tamen
912 1698 961 1758 est
980 1694 1091 1759 adver·

85 1784 188 1848 serius
210 1782 326 1847 lenior.
366 1780 419 1846 Ad
441 1780 611 1846 Arcesilan
635 1779 896 1866 Carneademque
916 1782 1091 1847 veniamus.
1114 1823 1136 1887 5

146 1870 238 1947 Quae
267 1871 342 1935 cum
368 1870 517 1953 dixisset,
549 1870 595 1934 sic
627 1891 738 1935 rursus
766 1891 898 1935 exorsus
927 1872 988 1934 est:
1024 1869 1144 1949 Pri-13

83 1981 168 2024 mum
196 1958 280 2022 mihi
306 1957 459 2022 videmini
487 1955 552 2045 (me
580 1961 687 2024 sutem
720 1958 850 2023 nomine
885 1957 1091 2044 appellabat),

52 2069 153 2112 acum
179 2049 309 2112 veteres
336 2045 490 2130 physicos
512 2045 708 2130 nominatis,
739 2046 844 2112 facere
875 2045 973 2125 idem,
1006 2047 1092 2131 quod

85 2135 229 2201 seditiosi
253 2135 340 2201 cives
364 2134 483 2218 solent,
510 2156 583 2198 cum
607 2135 732 2218 aliquos
755 2155 794 2198 ex
817 2135 959 2218 antiquis
988 2135 1090 2200 cleros

84 2225 167 2289 viros
185 2221 366 2307 proferunt,
390 2244 470 2306 quos
489 2222 599 2287 dicant
612 2222 714 2286 fuisse
726 2223 907 2307 populares,
926 2227 962 2287 ut
981 2244 1091 2289 eorum

85 2313 144 2395 ipsi
164 2311 287 2376 similes
307 2332 377 2375 esse
396 2311 574 2377 videantur.
606 2310 771 2394 Repetunt
788 2311 854 2375 iam
868 2331 890 2375 a
902 2310 937 2375 P.
951 2309 1092 2394 Valerio,

85 2401 137 2484 qui
164 2399 286 2464 exectis
313 2399 443 2483 regibus
470 2399 576 2484 primo
604 2421 688 2465 anno
712 2399 824 2464 consul
849 2398 927 2482 fuit,
954 2419 1091 2463 comme-

53 2487 213 2553 amorant
233 2488 387 2572 reliquos,
412 2487 467 2572 qui
489 2487 578 2572 leges
600 2487 772 2572 populares
796 2486 834 2550 de
856 2487 1092 2568 provocationi-

85 2577 140 2641 bus
158 2575 304 2659 tulerint,
322 2596 395 2640 curn
414 2576 563 2640 consules
579 2579 699 2658 essent3
718 2579 788 2640 tum
807 2573 847 2638 ad
866 2573 925 2638 hos
939 2573 1091 2659 notiores,

86 2661 117 2728 G.
137 2659 350 2747 Flaminium,
374 2664 428 2747 qui
450 2665 556 2747 legem
574 2662 736 2748 agrariam
755 2663 879 2747 aliquot
901 2663 993 2728 annis
1017 2666 1091 2728 ente

86 2753 257 2817 secundnm
280 2751 437 2816 Punicum
459 2751 579 2816 bellum
606 2750 753 2817 tribunus
782 2750 885 2835 plebis
909 2750 1022 2814 tulerit
1044 2751 1091 2814 in-

86 2841 149 2906 vito
168 2844 284 2904 senatu
303 2842 336 2903 et
353 2843 468 2922 postea
487 2840 537 2904 bis
555 2839 666 2904 consul
688 2839 794 2903 factus
813 2837 864 2920 sit,
881 2836 916 2902 L.
933 2836 1091 2922 Cassium,

55 2950 75 2990 a
87 2927 119 3004 Q.
137 2928 345 3012 Pompeiumq
367 2927 416 2991 illi
439 2926 569 3012 quidem
587 2927 686 2990 etiam
705 2925 739 2990 P.
762 2924 955 2991 Africanum·
972 2927 1091 2992 referre

86 3016 116 3080 iu
138 3016 276 3082 eundem
298 3037 468 3080 numerum
491 3015 605 3079 solent.
643 3013 716 3078 Duo
735 3036 810 3080 vero
835 3015 1091 3098 sapientissimos

85 3107 115 3168 ct
140 3104 341 3169 clarissimos
369 3103 501 3182 fratres,
529 3103 563 3167 P.
592 3101 743 3168 Crassum
774 3107 806 3167 et
832 3102 868 3169 P.
896 3101 1091 3182 Scaevolam,

85 3192 172 3258 aiunt
209 3191 258 3256 Ti.
291 3188 438 3256 Graccho
471 3194 618 3256 auctores
657 3192 765 3276 legum
801 3191 915 3274 fuisse,
953 3190 1095 3256 alterum

85 3281 225 3364 quidem,
249 3283 286 3344 ut
308 3279 466 3363 videmus,
489 3279 613 3362 palam,
638 3280 788 3357 alterurn,
815 3281 852 3342 ut
879 3279 1093 3362 suspicantur,

54 3389 73 3430 11
84 3369 259 3434 obscurius.
313 3366 445 3432 Addunt
477 3367 576 3432 etiam
608 3365 643 3432 0.
675 3366 824 3431 Marium.
879 3365 925 3430 Et
955 3366 993 3428 de
1029 3364 1092 3430 hoc

82 3457 209 3541 quidem
237 3455 322 3522 nihil
350 3455 557 3520 mentiuntur.
602 3454 729 3519 Horum
755 3451 941 3520 nominibus
968 3456 1020 3518 tot
1045 3454 1093 3519 vi·

81 3565 189 3611 rorum
213 3548 310 3629 atque
338 3547 504 3608 tantorum
532 3543 686 3628 expositis
715 3563 825 3607 eorum
848 3563 882 3606 se
905 3541 1093 3606 institutum
