2564 3950
329 209 397 266 ΜΒ.
416 207 463 264 111.
492 209 569 264 CAP.
588 211 710 266 aa-aa.
738 215 895 277 sas-so.
1049 212 1113 276 379

98 371 263 436 Similiter
290 372 579 438 commemorandis
610 372 765 457 exemplis
798 374 954 438 orbitates
987 397 1114 461 quoque
1135 396 1167 446 58

99 459 242 524 liberum
270 461 511 544 praedicantur,
538 481 724 545 eorumque,
751 462 806 545 qui
838 463 969 548 gravius
998 463 1115 549 ferunt,

97 549 208 613 luctus
232 549 371 613 aliorum
395 549 547 633 exemplis
569 549 747 632 leniuntur3
772 550 818 615 sic
841 551 1009 634 perpessio
1032 556 1115 618 cete-

98 659 213 702 rorum
239 637 331 719 facit,
366 641 403 701 ut
430 659 480 720 ea,
512 659 593 721 quae
626 637 814 722 acciderint,
845 638 948 703 multo
980 640 1115 723 minora,

67 746 201 810 aquam
225 729 346 809 quanta
370 727 436 790 sint
460 725 660 808 existimata,
683 726 859 790 videantur.
900 725 952 791 Ita
974 727 1021 811 fit,
1044 749 1115 793 sen-

100 814 166 877 sim
199 814 420 898 cogitantibus
452 817 501 898 ut,
538 819 696 896 quantum
728 814 772 878 sit
804 815 960 879 ementita
995 817 1115 900 opinio,

100 906 268 985 appareat.
318 902 426 986 Atque
453 902 514 966 hoc
544 902 629 966 idem
657 906 692 966 et
716 901 847 968 Telamo
874 903 931 967 ille
959 902 1115 969 declarat:

169 1011 252 1110 Ego
276 1047 358 1090 cum
382 1026 497 1109 genui
513 1073 630 1090 ......

101 1152 137 1212 et
160 1147 330 1213 Theseus:-

56 1300 86 1338 ιο
170 1271 337 1337 Futuras
360 1294 503 1338 mecum
527 1273 814 1338 commentabar
838 1271 1017 1340 miserias

101 1398 136 1458 et
154 1393 381 1480 Anaxagoras:
405 1393 594 1462 ‘Sciebam
614 1419 670 1462 me
690 1397 873 1482 genuisse
891 1399 1115 1464 mortalem?

100 1481 147 1546 Hi
175 1483 260 1547 enim
286 1505 397 1549 omnes
426 1485 481 1549 diu
504 1485 685 1570 cogitantes
713 1485 752 1550 de
775 1486 871 1550 rebus
896 1484 1046 1551 humanis
1068 1488 1115 1551 in·

100 1571 303 1656 tellegebant
331 1595 385 1638 eas
412 1595 617 1658 nequaquam
648 1594 708 1656 pro
741 1573 892 1657 opinione
923 1574 1013 1658 volgi
1046 1596 1115 1639 esse

102 1659 367 1726 extimescendas.
420 1660 465 1725 Et
497 1662 579 1726 mihi
613 1663 741 1744 quidem
772 1661 899 1726 videtur
930 1662 1016 1726 idem
1047 1663 1115 1727 fere

58 1775 87 1815 15
103 1747 247 1812 accidere
279 1747 333 1832 iis,
365 1750 420 1833 qui
453 1753 528 1814 anta
559 1751 771 1832 meditantur,
802 1748 887 1833 quod
913 1749 969 1834 iis,
1001 1750 1115 1834 quibus

103 1835 250 1901 medetur
281 1836 363 1920 dies,
392 1838 458 1902 nisi
487 1837 573 1922 quod
600 1839 686 1903 ratio
716 1837 873 1923 quaedam
905 1841 1001 1903 sanat
1031 1838 1117 1922 illos,

102 1925 164 1989 hos
198 1925 271 2008 ipsa
304 1929 422 1990 natura
457 1926 621 1991 intellecto
657 1925 710 2008 eo‚'
746 1925 831 2010 quod
863 1947 932 1990 rem
962 1926 1116 2009 continet,

104 2012 186 2077 illud
214 2014 349 2097 malum,
378 2014 463 2098 quod
486 2015 656 2099 opinatum
679 2015 723 2080 sit
747 2036 816 2078 esse
839 2036 1038 2099 maxumum,
1063 2036 1116 2079 ne·

105 2123 267 2186 quaquam
295 2123 365 2166 esse
391 2106 533 2185 tantum,
559 2108 596 2168 ut
619 2104 721 2168 vitam
748 2103 878 2167 beatam
900 2104 1007 2186 possit
1029 2125 1115 2168 ever·

63 2218 91 2258 ao
104 2195 183 2254 tere.
218 2188 291 2255 Hoc
313 2191 414 2276 igitur
432 2191 586 2275 efficitur,
607 2195 646 2255 ut
665 2213 704 2255 ex
725 2192 782 2256 illo
801 2191 994 2275 necopinato
1017 2191 1117 2277 plaga
1135 2212 1169 2261 59

105 2278 208 2342 maior
232 2279 289 2361 sit,
311 2301 390 2361 non,
412 2282 450 2343 ut
471 2280 521 2344 illi
543 2283 675 2363 putant,
697 2282 747 2362 ut,
776 2301 850 2345 cum
872 2279 997 2344 duobus
1020 2301 1115 2364 pares
1164 2356 1166 2362 ¹

106 2388 199 2431 casus
227 2367 406 2451 evenerint,
432 2367 461 2432 is
493 2368 588 2434 modo
621 2367 821 2452 aegritudine
853 2368 1033 2450 adficiatur,
1065 2368 1116 2432 cui

105 2455 161 2520 ille
192 2456 387 2539 necopinato
415 2477 509 2521 casus
536 2457 685 2521 evenerit.
731 2454 845 2540 Itaque
873 2453 1023 2519 dicuntur
1051 2477 1117 2520 non

105 2543 187 2608 nulli
208 2543 243 2607 in
261 2565 418 2626 maerore,
442 2565 514 2609 cum
532 2545 571 2609 de
589 2545 650 2608 hac
669 2543 834 2613 communi
854 2540 1023 2608 hominum
1041 2564 1116 2609 con-

65 2657 93 2699 25
107 2631 231 2696 dicione
256 2632 466 2716 audivissent,
493 2654 531 2698 ea
554 2633 626 2718 lege
650 2653 802 2696 essenos
826 2634 935 2714 natos,
962 2634 999 2695 ut
1021 2652 1116 2695 nemo

106 2720 353 2803 inperpetuum
376 2741 446 2784 esse
468 2724 580 2805 posset
604 2740 717 2804 expers
741 2719 834 2802 mali,
863 2719 994 2804 gravius
1019 2720 1117 2784 etiam

106 2807 228 2872 tulisse.

172 2896 329 2973 Quocirca
365 2895 561 2980 Carneades,
597 2901 634 2962 ut
665 2897 757 2961 video
792 2899 939 2961 nostrum
976 2896 1169 2964 scribere25

106 2984 318 3070 Antiochum,
334 2986 525 3070 reprendere
543 2983 765 3070 Chrysippum
783 2984 910 3050 solebat
927 2984 1115 3061 *laudantem

67 3101 94 3144 ao
107 3072 316 3156 Euripideum
339 3095 469 3139 carmen
490 3073 584 3139 illud:

149 3195 332 3262 Mortalis
354 3219 462 3262 nemo
486 3201 559 3282 est,
584 3198 692 3282 quem
709 3213 785 3278 non
809 3197 982 3281 attingit
1006 3194 1117 3260 dolor

149 3284 395 3370 Morbdsque3
419 3285 552 3351 multis
576 3290 666 3350 scint
688 3285 870 3350 humandi
894 3283 1022 3366 liberi,

149 3372 313 3439 Rursum
333 3374 501 3458 creandi,
520 3377 774 3458 morsqueest
790 3373 909 3438 finita
925 3372 1115 3453 omnibus,

149 3460 252 3538 Quae
289 3462 423 3548 ge‘neri
454 3462 618 3527 humano
651 3464 833 3546 angorem
865 3461 1117 3613 niequicquam

837 3550 883 3614 ad
906 3551 1027 3614 erunt
