2568 3948
158 202 223 266 258
319 202 367 256 DE
386 201 531 256 FINlBUS
548 200 729 256 BONORUM
746 199 794 254 ΕΤ
813 199 996 255 MALORUM

157 362 213 448 qui
235 385 302 429 uon
323 363 447 444 vident,
469 361 552 428 nihil
575 345 728 446 nmquam
746 381 899 446 maguum
922 382 960 426 ac
979 360 1169 446 cognitione

159 453 290 535 dignum
323 453 519 515 amaverunt.
576 448 685 532 Atque
721 449 784 514 hcc
819 449 905 531 loco,
943 449 998 534 qui
1034 454 1170 534 propter

158 539 259 603 ammi
282 539 466 623 voluptates
487 537 550 602 coli
573 537 683 601 dicunt
701 558 740 600 ea
757 537 877 620 studia,
899 558 981 620 quae
1000 536 1077 621 dixi,
1099 559 1167 602 non

158 628 350 711 intellegunt
372 626 490 692 idcirco
509 645 579 690 esse
597 645 635 689 ea
656 627 842 708 propterea
866 624 1058 708 expetenda,
1080 625 1167 709 quod

159 715 249 779 nulla
275 713 418 778 utilitate
446 711 572 778 obiecta
603 712 803 778 delectentur
834 712 934 776 animi
966 715 1063 797 etque
1092 712 1104 776 i
1129 733 1197 778 sae

105 823 138 884 51
160 803 307 884 scientia,
334 801 463 866 etiamsi
489 799 779 866 incommodatura
795 801 851 884 sit,
883 800 1050 884 gaudeant.
1103 733 1167 864 dec

159 891 235 974 quid
266 890 385 955 attinet
411 888 450 953 de
477 888 573 953 rebus
606 891 676 952 tam
703 887 824 971 apertis
855 888 950 971 plura
981 887 1167 972 requirere?

158 978 224 1060 Ipsi
252 978 337 1042 enim
365 997 568 1061 quaeremus-
584 997 605 1040 a
631 976 739 1058 nohis,
770 976 937 1041 stellarum
959 979 1068 1040 motus
1091 995 1167 1040 ccu-

158 1065 449 1149 templetionesque
470 1059 579 1128 rerum
600 1064 789 1129 caelestium
812 1084 986 1148 eorumque
1009 1063 1166 1146 omnium,

159 1175 241 1236 quae
255 1156 389 1218 naturae
408 1151 604 1217 obscuritate
622 1152 832 1236 occultentur,
851 1151 1051 1236 cognitiones
1070 1173 1167 1235 quem
1184 1178 1211 1216 ιο

159 1241 201 1304 ad
232 1241 363 1306 modum
389 1261 450 1305 nos
483 1244 648 1322 moveant,
678 1243 712 1304 et
742 1237 818 1324 quid
849 1237 989 1304 historie
1020 1239 1167 1318 delectet,

158 1350 256 1412 quum
279 1326 591 1412 solemuspersequi
617 1348 720 1411 usque
742 1326 783 1392 ed
807 1329 999 1409 extremum,
1023 1330 1167 1412 praeter·

158 1416 258 1482 missa
289 1415 479 1500 repetimus,
509 1415 664 1480 inchoata
696 1415 924 1498 persequimur.
983 1411 1051 1480 Nec
1087 1437 1165 1480 vero

159 1526 231 1568 sum
261 1504 389 1570 nescius
422 1526 491 1570 esse
523 1503 700 1569 utilitatem
726 1503 761 1566 in
792 1501 943 1586 historia,
974 1523 1041 1567 non
1067 1501 1165 1566 modo

159 1592 366 1678 voluptatem.
403 1591 499 1674 Quid,
523 1613 595 1657 cum
617 1591 710 1656 fictas
733 1589 876 1674 fabulas,
899 1591 1053 1675 equibus
1077 1589 1166 1654 utili·
1182 1615 1208 1656 re

105 1703 139 1750 52
159 1684 211 1745 tas
237 1681 328 1746 nulla
354 1680 426 1745 elici
452 1683 573 1765 potest,
600 1700 674 1742 cum
700 1678 866 1762 voluptate
890 1673 1054 1763 legimus?
1078 1677 1167 1764 quid,

159 1791 231 1833 cum
250 1769 398 1835 volumus
417 1767 550 1834 uomina
568 1788 693 1849 eorum,
715 1765 771 1852 qui
794 1765 872 1850 quid
894 1763 1063 1851 gesserint,
1085 1769 1166 1830 note

158 1857 253 1922 nobis
272 1878 355 1940 esse,
373 1858 544 1942 parentes,
554 1854 704 1938 petriam,
722 1853 826 1918 multa
843 1855 1011 1938 praeterea
1028 1852 1163 1918 minime

158 1944 360 2009 necessaria?
383 1943 471 2028 quid,
494 1941 579 2027 quod
601 1942 749 2008 homines
772 1939 884 2005 infima
906 1940 1047 2022 fortune,
1072 1941 1165 2005 nulla

159 2054 215 2114 spe
242 2054 349 2096 rerum
376 2030 603 2115 gerendarum,
633 2029 763 2114 opifices
790 2028 930 2113 denique
961 2027 1163 2093 delectantur
1178 2053 1207 2094 sc

146 2117 316 2184 historia?
343 2119 545 2202 meximeque
568 2138 624 2183 eos
650 2115 758 2182 videre
780 2137 952 2201 possumus
974 2137 1026 2180 res
1052 2119 1162 2201 gestas

159 2206 268 2270 audire
292 2209 324 2271 et
345 2205 452 2290 legere
474 2205 570 2288 velle,
593 2206 649 2289 qui
671 2227 691 2268 a
713 2226 770 2288 spe
792 2204 924 2290 gerendi
948 2203 1066 2268 absunt
1088 2225 1162 2268 con·

160 2293 238 2358 fecti
260 2296 432 2359 senectute.
468 2293 625 2370 Quocirca
641 2292 789 2378 intellegi
806 2313 937 2359 necesse
955 2295 1005 2356 est
1027 2290 1061 2355 in
1081 2290 1164 2375 ipsis

156 2374 266 2466 'rebus
293 2403 376 2467 quae
408 2381 574 2446 discuntur
607 2384 640 2445 et
671 2382 919 2465 cognoscuntur,
951 2378 1165 2444 invitamenta

158 2471 276 2554 inesse,
300 2470 416 2555 quibus
440 2469 482 2534 ad
504 2468 690 2533 discendum
713 2467 1033 2553 cognoscendumque
1056 2487 1164 2532 move·
1179 2493 1207 2536 2⁵

105 2579 140 2626 se
160 2579 260 2624 amur.
314 2558 363 2623 Ac
394 2561 517 2626 veteres
549 2557 678 2642 quidem
709 2555 895 2640 philosophi
928 2555 963 2619 in
996 2555 1166 2619 beatorum

158 2646 273 2710 insulis
295 2646 423 2730 fingunt
445 2645 551 2730 qualis
574 2643 684 2708 future
707 2644 750 2708 sit
766 2644 835 2709 vita
852 2642 1059 2727 sapientium,
1082 2663 1176 2726 quos.

159 2755 235 2798 cura
258 2733 345 2797 omni
367 2733 536 2816 liberatos,
558 2733 685 2796 nullum
702 2731 920 2796 necessarium
939 2729 1022 2796 vitae
1041 2729 1165 2795 cultum

160 2825 215 2886 aut
241 2821 393 2904 paratum
420 2821 630 2905 requirentcS,
656 2817 740 2882 nihil
767 2817 855 2884 aliud
882 2821 1010 2885 acturos
1037 2820 1165 2900 putant,

158 2909 220 2973 nisi
248 2911 284 2973 ut
312 2929 407 2974 omne
434 2911 562 2993 tempus
589 2905 778 2989 inquirendo
806 2927 843 2971 ec
870 2905 1021 2982 discendo
1048 2906 1083 2970 in
1107 2927 1163 2970 na·
1179 2933 1207 2972 eo
1272 2947 1273 2954 r

159 3002 249 3061 turae
273 2995 458 3081 cognitione
485 2993 685 3060 consumant.
730 2991 799 3059 Nos
828 2997 936 3059 eutem
961 3013 1027 3058 non
1057 2991 1164 3058 solum

159 3084 272 3149 beatae
301 3085 388 3149 vitae
414 3083 512 3149 istam
539 3103 610 3147 esse
638 3081 886 3148 oblectationem
916 3081 1074 3164 videmus,
1107 3081 1165 3145 sed

159 3173 257 3238 etiam
279 3171 497 3237 levamentum
515 3169 728 3234 miseriarum.
766 3169 880 3253 Itaque
902 3169 1010 3252 multi,
1033 3189 1107 3233 cum
1128 3169 1164 3234 iu

158 3262 320 3344 potestate
348 3261 455 3322 essent
487 3258 632 3323 hostium
660 3262 715 3323 aut
745 3262 971 3342 tyrannorum,
1003 3255 1098 3320 multi
1130 3257 1164 3320 in

160 3347 317 3424 custodia,
350 3344 443 3410 multi
479 3345 515 3411 in
550 3346 663 3411 exsilio
700 3345 843 3411 dolorem
875 3365 968 3409 sunm
1000 3343 1165 3408 doctrinae
1179 3371 1205 3412 ss

105 3434 277 3504 custodiis
304 3433 460 3498 levarunt.
509 3434 663 3517 Princeps
690 3433 786 3497 huius
818 3431 959 3497 civitatis
991 3430 1165 3498 Phalereus

160 3521 345 3587 Demetrius
372 3542 444 3586 cum
471 3521 578 3606 patria
599 3521 712 3604 pulsus
735 3523 819 3585 esset
840 3519 975 3602 iniuria,
997 3518 1038 3583 ad
1056 3517 1166 3586 Ptolo·
