2564 3950
322 195 325 199 ⁴
380 220 447 273 ma.
467 221 513 277 iv.
543 221 620 276 oar.
640 227 725 276 1—3.
752 228 872 288 sr-e.
1065 224 1129 287 203

7 359 9 472 l
122 379 187 443 fuit
210 379 291 444 haec
319 379 494 466 institutio,
520 382 555 445 in
582 403 645 464 qua
667 383 905 448 animadvertas
931 385 1028 449 velim
1054 384 1130 467 quid

7 487 8 492 ¹
125 466 316 532 mutandum
339 471 431 550 putes
454 490 514 533 nec
533 473 709 552 exspecteS,
732 469 808 541 dum
827 470 995 535 adomnia
1017 471 1129 555 dicam,

125 575 207 636 quae
237 577 256 618 a
282 557 315 618 te
344 554 430 620 dicta
453 559 540 638 sunt3
567 557 718 620 universa
741 557 826 620 enim
850 558 980 622 illorum
1004 559 1128 623 ratione

124 663 197 704 cum
220 644 292 706 tota
311 645 418 707 vestra
437 643 672 728 confligendum
690 647 778 726 puto.
814 643 966 720 Quicum
986 645 1166 710 viderent4

7 755 8 812 ᾗ
96 729 253 793 titanos
276 751 346 794 esse
368 734 476 812 natos,
503 734 541 794 ut
563 733 596 794 et
618 732 829 795 communiter
852 731 893 796 ad
916 754 969 796 eas
992 733 1128 796 virtutes

7 819 8 884 3
124 817 195 898 apti
218 837 374 900 essemus,
401 839 483 900 quae
505 821 601 882 notae
624 819 830 902 illustresque
854 823 941 902 sunt,
971 820 1129 884 iustitiam

124 904 209 986 dico,
236 905 500 988 temperantiam,
536 909 659 970 ceteras
696 907 824 989 generis
861 907 1002 970 eiusdem
1034 905 1129 990 (quae

7 1065 8 1070 γ
124 1012 237 1054 omnes
261 992 380 1055 similes
409 993 527 1056 artium
554 992 749 1075 reliquarum
777 993 913 1056 materia
939 997 1065 1058 tantum
1089 995 1129 1058 ad

124 1079 291 1142 meliorem
310 1082 435 1160 partem
455 1082 487 1142 ct
504 1081 696 1144 tractatione
714 1079 888 1164 differunt),
906 1102 1023 1164 easque
1041 1083 1128 1165 ipsas

84 1190 110 1228 ιο
123 1167 261 1229 virtutes
280 1166 425 1229 viderent
442 1188 501 1231 nos
521 1167 777 1251 magnificentius
797 1171 947 1250 appetere
966 1173 999 1233 et
1018 1169 1129 1233 arden-

123 1255 198 1335 tius,
217 1253 337 1316 habere
356 1254 454 1317 etiam
471 1255 602 1318 insitam
621 1254 783 1337 quandam
795 1256 846 1318 vel
859 1256 967 1338 potius
985 1257 1129 1320 innatam

125 1340 334 1422 cupiditatem
353 1341 505 1405 scientiae
523 1343 679 1425 natosque
698 1363 769 1406 esse
788 1342 828 1406 ad
845 1344 1129 1427 congregationem

124 1427 293 1492 hominum
320 1431 353 1491 et
376 1429 416 1492 ad
439 1429 626 1493 societatem
648 1429 971 1514 communitatemque
1001 1433 1129 1514 generis

123 1515 271 1598 humani,
300 1537 399 1598 eaque
426 1515 461 1579 in
488 1516 637 1580 maximis
663 1517 802 1600 ingeniis
830 1517 969 1581 maxime
997 1518 1130 1600 elucere,

86 1627 111 1666 15
124 1607 230 1668 totam
257 1601 498 1685 philosophiam
526 1603 587 1668 tris
616 1602 650 1666 in
677 1603 780 1685 partis
810 1602 1001 1685 diviserunt,
1033 1619 1128 1687 quam

125 1691 334 1773 partitionem
353 1711 372 1754 a
390 1689 518 1755 Zenone
536 1711 606 1754 esse
624 1693 784 1754 retentam
802 1690 956 1754 videmus.
988 1689 1130 1766 Quarum
1149 1714 1164 1762 5

126 1799 197 1842 cum
220 1799 286 1842 una
309 1777 365 1860 sit,
393 1799 456 1860 qua
478 1799 584 1842 mores
608 1775 803 1841 conformari
825 1781 993 1860 putantur,
1018 1778 1129 1842 differo

126 1887 197 1928 eam
219 1869 359 1948 partem,
386 1886 467 1948 quae
490 1865 583 1948 quasi
611 1867 708 1947 stirps
732 1867 782 1928 est
804 1864 899 1928 huius
912 1865 1130 1949 quaestionis.

126 1952 188 2029 Qui
216 1953 260 2016 sit
287 1952 372 2016 enim
399 1952 472 2016 finis
501 1952 673 2034 bonorum,
701 1973 788 2034 mox,
814 1951 876 2016 hoc
903 1951 974 2016 loco
1002 1955 1130 2016 tanturn

85 2067 112 2106 ao
126 2040 210 2122 dico,
240 2061 260 2104 a
281 2040 444 2105 veteribus
467 2038 691 2122 Peripateticis
713 2039 991 2122 Academicisque,
1018 2040 1073 2123 qui
1095 2062 1130 2104 re

126 2127 363 2192 consentientes
385 2127 552 2191 vocabulis
573 2125 778 2210 differebant,
801 2147 874 2191 eum
897 2128 1012 2210 locum,
1036 2149 1130 2210 quem

126 2215 256 2278 civilem
283 2218 369 2278 recte
396 2213 591 2297 appellaturi
617 2215 775 2296 videmur,
807 2213 921 2279 Graeci
948 2211 1129 2295 πολιτικόν,

126 2302 324 2386 gravitaret
347 2302 477 2384 copiose
500 2322 569 2365 esse
591 2304 775 2366 tractatum.

193 2388 298 2465 Quam
321 2390 424 2453 multa
450 2389 500 2452 illi
527 2389 566 2453 de
588 2410 623 2452 re
645 2389 774 2471 publica
797 2390 1008 2470 scripserunt,
1033 2409 1129 2471 quam
1148 2398 1169 2459 3

87 2503 112 2544 ιι
125 2476 230 2541 multa
257 2477 295 2541 de
323 2477 462 2560 legibus!
491 2497 588 2560 quam
610 2477 714 2539 multa
738 2496 803 2539 non
826 2476 932 2540 solum
958 2480 1131 2558 praecepta

125 2565 161 2628 in
188 2564 325 2646 artibus,
357 2564 414 2628 sed
441 2565 540 2628 etiam
573 2561 719 2645 exempla
749 2563 784 2626 in
819 2563 1018 2627 orationibus
1050 2561 1130 2625 bene

127 2651 252 2716 dicendi
269 2652 477 2735 reliquerunt!
509 2651 655 2715 Primum
674 2649 760 2714 enim
777 2649 849 2732 ipsa
866 2649 932 2732 illa,
956 2669 1038 2732 quae
1057 2651 1130 2714 sub-

127 2739 230 2803 tiliter
252 2738 439 2803 disserenda
461 2741 565 2820 erant,
593 2738 695 2820 polite
723 2741 861 2820 apteque
883 2737 1032 2800 dixerunt
1059 2740 1131 2801 tum

126 2826 329 2909 definientes,
355 2829 426 2890 tum
448 2827 639 2909 partientes,
666 2828 703 2889 ut
725 2825 826 2889 vestri
854 2826 965 2908 etiam,
993 2824 1050 2889 sed
1072 2847 1130 2889 vos
1274 2893 1275 2896 ,

87 2938 113 2978 ao
127 2914 317 2998 squalidius,
340 2913 469 2978 illorum
491 2913 580 2976 vides
604 2935 701 2996 quam
721 2911 825 2976 niteat
848 2912 960 2976 oratio.
1005 2911 1130 2976 Deinde
1149 2935 1165 2981 a

126 3023 178 3084 ea,
205 3019 291 3086 quae
313 2997 519 3084 requirebant
546 3001 725 3064 orationem
753 3002 901 3064 ornatam
929 3003 961 3063 et
991 3019 1129 3082 gravem,

121 3111 223 3173 ‘quam
247 3089 417 3173 magnifice
440 3091 516 3152 sunt
539 3087 625 3152 dicta
647 3087 688 3151 ab
717 3087 795 3169 illis,
824 3108 921 3170 quam
950 3085 1130 3168 splendide!

127 3177 166 3240 de
183 3177 322 3259 iustitia,
341 3175 379 3239 de
397 3175 624 3258 temperantia,
647 3175 686 3238 dc
704 3173 902 3256 fortitudine,
921 3174 960 3238 de
978 3168 1131 3254 amicitia,

126 3264 164 3328 de
192 3266 300 3328 aetate
323 3263 480 3347 degenda,
508 3263 546 3326 de
568 3261 790 3345 philosophia,
815 3261 853 3325 de
877 3259 1074 3342 capessenda
1096 3280 1130 3322 re

88 3351 270 3436 republica,
297 3350 465 3415 hominum
496 3370 550 3414 acc
583 3350 691 3432 spinas
723 3349 922 3429 vellentium,
954 3351 991 3411 ut
1023 3343 1131 3428 Stoici,

125 3459 185 3506 nec
213 3461 289 3504 ossa
315 3438 520 3520 nudantium,
549 3438 752 3516 acdeorum,
780 3435 835 3518 qui
862 3433 996 3518 grandia
1018 3437 1131 3498 ornate

126 3527 259 3610 vellent,
290 3525 456 3590 enucleate
487 3525 612 3589 minora
643 3523 754 3588 dicere.
804 3521 916 3604 Itaque
944 3540 1025 3604 quae
1055 3524 1130 3585 sunt
