2552 3966
192 211 234 275 98
358 210 406 265 DE
425 209 569 266 FINIBUS
587 209 768 266 BONORUM
785 210 833 266 ΕΤ
852 208 1036 266 MALORUM

191 371 323 438 defensa
350 376 400 436 est
421 372 554 458 Epicuri
577 374 738 438 sententia
767 373 805 438 de
829 373 1010 458 voluptate,
1040 394 1060 437 a
1088 395 1207 458 meque

191 461 220 524 ei
250 481 451 547 responsum,
481 483 552 526 cnm
581 459 616 528 Ο.
639 461 798 544 Triarius,
825 461 860 526 in
886 462 1000 545 primis
1028 462 1139 546 gravis
1171 467 1206 526 et

137 560 173 611 14
192 548 304 614 doctus
338 549 539 634 adulescens,
571 551 601 615 ei
633 550 846 633 disputationi
881 550 1062 614 interesset.
1115 549 1206 616 Nam

179 655 263 701 ‘cum
296 637 336 702 ad
369 659 420 702 ma
452 638 487 702 in
519 635 701 724 Cumanum
736 637 900 706 salutandi
936 659 1034 704 causa
1064 641 1204 722 uterque

189 726 346 809 venisset,
373 747 478 810 pauca
504 727 609 812 primo
637 727 724 791 inter
750 749 810 793 nos
838 726 876 791 de
904 726 1035 810 litteris,
1064 747 1233 810 quarums

190 836 352 880 summum
374 817 444 880 erat
466 813 502 878 in
524 820 661 900 utroque
685 815 841 898 studium,
868 814 981 880 deinde
1004 813 1203 898 Torquatus:

191 901 351 978 Quoniam
372 903 462 969 nacti
489 905 536 986 te,
562 903 682 988 inquit,
710 925 820 970 sumus
849 903 1021 987 aliquando
1049 903 1203 987 otiosum,
1268 977 1269 982 γ

190 994 276 1055 certe
300 991 443 1076 audiam,
471 991 548 1075 quid
572 991 628 1076 sit,
657 992 741 1077 quod
764 991 940 1075 Epicurum
963 994 1112 1057 nostrum
1135 1013 1202 1057 non

189 1083 225 1143 tu
248 1078 378 1164 quidem
402 1079 521 1158 oderis,
550 1083 592 1162 ut,
610 1078 676 1144 fere
699 1079 836 1163 faciunt,
862 1080 918 1165 qui
946 1080 987 1144 ab
1011 1101 1048 1146 eo
1078 1080 1201 1145 dissen-

188 1168 288 1250 tiunt,
316 1167 372 1232 sed
399 1171 486 1232 certe
507 1190 573 1233 non
594 1169 727 1253 probes,
754 1190 828 1233 eum
857 1189 1035 1254 quemego
1052 1168 1202 1252 ⁸arbitror
1217 1194 1243 1234 ro

189 1277 289 1320 unum
320 1255 439 1322 vidisse
470 1278 582 1320 verum
620 1257 834 1342 maximisque
870 1257 1034 1321 erroribus
1072 1257 1200 1323 animos

187 1342 356 1410 hominum
383 1344 570 1410 liberavisse
592 1349 631 1426 ,et
659 1346 768 1412 omnia
793 1344 979 1423 tradidisse,
1014 1367 1096 1430 quae
1129 1367 1200 1430 per-

188 1432 331 1497 tinerent
358 1432 401 1497 ad
426 1433 508 1498 bene
536 1433 693 1518 beateque
720 1433 901 1498 vivendum.
953 1431 1016 1498 Sed
1047 1433 1200 1500 existimo

188 1525 235 1602 te,
265 1521 348 1585 siout
375 1525 524 1586 nostrum
550 1521 723 1607 Triarium,
756 1523 863 1587 minus
896 1522 937 1586 ab
966 1543 1004 1587 eo
1036 1521 1202 1606 delectari,
1268 1537 1269 1612 l

189 1608 274 1693 quod
300 1608 366 1674 ista
391 1607 553 1694 Platonis,
581 1609 765 1693 Aristoteli,
793 1609 1011 1694 Theophrasti
1041 1609 1200 1676 orationis
1216 1634 1240 1676 15
1268 1623 1269 1628 ’

190 1701 378 1762 ornamenta
405 1698 592 1784 neglexerit.
637 1697 723 1764 Nam
751 1698 831 1764 illud
855 1698 982 1784 quidem
1008 1698 1121 1763 adduci
1145 1700 1201 1764 vix

188 1808 331 1869 possum,
349 1790 386 1850 ut
404 1808 450 1871 ea,
472 1808 553 1871 quae
572 1788 710 1852 senserit
727 1787 791 1871 ille,
812 1786 874 1851 tibi
891 1810 958 1854 non
975 1809 1052 1852 vera
1070 1786 1201 1852 videan-

137 1883 169 1933 15
189 1878 250 1939 tur.
282 1873 374 1958 Vide,
394 1879 558 1960 quantum,
575 1876 717 1960 inquam,
734 1875 859 1953 fallare,
879 1875 1049 1960 Torquate.
1085 1873 1200 1942 Oratio

188 1985 240 2026 me
258 1962 352 2027 istius
370 1961 559 2047 philosophi
576 1985 642 2029 non
660 1963 806 2046 offendit;
828 1985 904 2028 nam
923 1969 956 2030 et
974 1964 1201 2047 complectitur

188 2051 308 2132 verbis,
331 2050 416 2134 quod
439 2052 517 2134 vult,
540 2055 574 2115 et
596 2051 674 2117 dicit
695 2053 804 2136 plane,
828 2052 914 2136 quod
936 2052 1139 2137 intellegam5
1166 2057 1199 2118 et
1210 2077 1239 2116 so

188 2143 298 2203 tamen
320 2159 379 2223 ego
404 2160 424 2203 a
445 2138 656 2225 philosopho,
682 2141 710 2205 si
739 2141 854 2206 afferat
876 2140 1106 2226 eloquentiam,
1132 2162 1200 2206 non
1267 2217 1268 2222 γ

189 2248 354 2310 aspernor,
378 2226 405 2290 si
427 2248 493 2291 non
515 2226 647 2312 habeat,
668 2249 735 2295 non
757 2228 931 2294 admodum
953 2229 1107 2314 flagitem.
1150 2227 1199 2292 Re

188 2315 269 2379 mihi
295 2336 362 2380 non
390 2337 490 2400 aeque
518 2315 691 2400 satisfacit,
720 2321 753 2381 et
780 2316 908 2401 quidem
935 2317 1015 2383 locis
1042 2317 1198 2400 pluribus.

189 2401 250 2468 Sed
280 2407 359 2488 quot
386 2403 549 2489 homines,
575 2408 626 2470 tot
649 2405 841 2490 sententiae,
868 2405 939 2470 falli
961 2405 1063 2491 igitur
1085 2427 1199 2490 possu-

188 2515 269 2557 mus.
320 2491 423 2568 Quam
447 2493 581 2558 obrem
608 2493 752 2578 tandem,
779 2493 899 2579 inquit,
925 2515 991 2559 non
1013 2485 1197 2559 satisfacit?
1212 2517 1237 2559 a

187 2586 221 2646 te
240 2581 326 2646 enim
349 2581 488 2648 iudicem
511 2603 649 2666 aequum
670 2585 765 2666 puto,
788 2582 897 2665 modo,
921 2604 1002 2668 quae
1025 2581 1111 2647 dicat
1132 2581 1197 2664 ille,

136 2681 169 2730 16
188 2671 268 2733 bene
291 2669 390 2734 noris.
435 2669 510 2735 Nisi
532 2669 613 2734 mihi
636 2670 830 2754 Phaedrum,
856 2670 1002 2755 inquam,
1025 2670 1198 2735 mentitum

189 2760 245 2821 aut
273 2756 433 2822 Zenonem
460 2761 571 2843 putas,
604 2779 740 2843 quorum
766 2762 939 2843 utrumque
972 2758 1094 2842 audivi,
1124 2780 1197 2824 cum

189 2845 269 2910 mihi
290 2845 374 2908 nihil
398 2867 474 2910 sane
496 2848 625 2930 praeter
645 2847 850 2912 sedulitatem
871 2848 1062 2930 probarent,
1085 2868 1196 2912 omnes

188 2932 270 2998 mihi
292 2931 424 3018 Epicuri
447 2935 625 2999 sententiae
648 2935 728 3000 satis
751 2941 847 3000 notae
871 2939 956 3000 sunt.
1000 2935 1108 3020 Atque
1133 2957 1196 3020 eos,
1209 2959 1234 3000 co

189 3044 270 3107 quos
293 3022 474 3107 nominavi,
502 3045 575 3088 cum
598 3021 708 3088 Attico
731 3026 843 3089 nostro
871 3023 1057 3109 frequenter
1079 3023 1196 3108 audivi,

187 3133 261 3176 oum
279 3110 451 3176 miraretur
469 3111 523 3175 ille
542 3111 671 3194 quidem
685 3115 866 3196 utrumque,
884 3112 1068 3177 Phaedrum
1087 3115 1196 3177 autem

187 3200 285 3264 etiam
315 3202 452 3284 amaret,
480 3198 659 3284 cotidieque
690 3200 863 3265 internos
892 3222 942 3286 ea,
974 3221 1056 3285 quae
1089 3200 1196 3265 audie-

186 3289 311 3372 bamus,
325 3287 579 3371 conferebamus,
597 3309 700 3373 neque
715 3291 785 3354 erat
798 3310 951 3373 umquam
966 3290 1196 3372 controversia,

148 3376 264 3489 6quid
287 3396 347 3463 ego
370 3376 604 3461 intellegerem,
628 3377 683 3441 sed
706 3376 782 3461 quid
804 3378 984 3462 probarem.
1207 3399 1231 3442 cs
1263 3403 1264 3406 ¹

134 3503 168 3553 1⁷
254 3463 338 3542 Quid
365 3464 560 3549 igiturest?
588 3464 707 3550 inquit3
735 3465 844 3530 audire
872 3466 959 3530 enim
987 3466 1097 3550 cupio,
1120 3465 1196 3550 quid

186 3573 252 3618 non
282 3553 407 3636 probes.
456 3552 632 3636 Principio,
658 3553 803 3638 inquam,
830 3553 866 3617 in
892 3553 1051 3638 physicis,
1080 3554 1195 3638 quibus
