2544 3952
145 205 212 268 444
342 203 639 260 TUSCULANARUM
657 201 960 258 DISPUTATIONUM

146 368 295 449 fluenter,
318 366 480 450 absolute,
497 385 666 450 prospere,
683 362 784 450 igitur
800 365 904 428 beate.
943 362 1027 429 Satis
1048 368 1161 430 autem

146 456 249 519 virtus
277 454 317 519 ad
344 454 471 519 fortiter
498 454 670 519 vivendum
696 456 819 536 potest3
847 453 927 516 satis
956 473 1033 538 crgo
1058 454 1161 518 etiam

94 557 128 604 54
148 544 187 608 ad
209 543 312 607 beate.
363 542 494 607 Etenim
516 547 552 607 ut
574 541 727 625 stultitia,
755 541 817 606 etsi
841 541 956 624 adepta
980 544 1042 625 est,
1070 542 1162 625 quod

147 631 338 715 concupivit,
355 653 532 714 numquam
551 652 585 694 sc
603 633 714 694 tamen
732 630 813 694 satis
827 633 1033 694 consecutam
1050 634 1161 713 putat,

89 746 138 810 ω,
148 722 199 807 sig
213 719 373 802 sapientia
388 740 514 802 semper
527 740 564 783 oo
580 722 733 783 contenta
752 722 810 801 est,
830 717 915 801 quod
934 718 1034 801 adest,
1051 739 1160 802 neque
1175 744 1190 784 5

148 830 220 873 eam
243 829 395 892 nmquam
418 808 468 871 sui
490 807 645 891 paenitet.

98 901 137 966 19
215 893 400 959 Similemne
418 898 513 980 putas
533 891 566 959 C.
585 893 688 958 Laelii
706 915 806 958 unum
825 894 1029 957 consulatum
1046 893 1161 978 fuisse,

76 1025 80 1031 -
148 988 180 1049 et
199 1005 272 1048 eum
295 983 424 1068 quidem
442 1005 515 1048 cum
533 983 662 1066 repulsa
680 979 737 1068 (si,
761 1004 832 1046 cum
853 983 981 1065 sapiens
1000 985 1032 1046 et
1050 982 1159 1047 bonus

147 1073 208 1156 vir,
232 1072 335 1156 qualis
357 1072 414 1135 ille
436 1071 511 1155 fuit,
539 1070 701 1155 suffragiis
727 1071 934 1153 praeteritur,
961 1092 1026 1135 non
1054 1091 1159 1154 popu-

147 1162 196 1225 lus
222 1162 255 1240 [a
282 1161 366 1224 bono
395 1159 539 1239 consule]
568 1159 677 1243 potius
708 1181 805 1242 quam
837 1158 892 1222 illc
926 1160 959 1238 [a
985 1159 1072 1222 bono
1099 1180 1158 1242 po·
1175 1188 1201 1226 ιο

147 1249 237 1332 pulo]
264 1249 428 1332 repulsam
455 1244 532 1332 fert)
555 1283 599 1294 —
627 1246 683 1310 sed
705 1249 815 1310 tamen
837 1250 946 1310 utrum
973 1247 1089 1310 malles
1115 1251 1160 1330 te,
1252 1307 1263 1330 ‚

149 1337 176 1401 si
199 1340 343 1419 potestas
371 1339 468 1419 esset,
496 1336 594 1399 semel
621 1337 658 1399 ut
683 1333 831 1398 Laelium
859 1335 1023 1399 consulem
1051 1357 1093 1398 an
1121 1341 1160 1399 ut

96 1437 128 1486 55
149 1422 287 1489 Cinnam
315 1423 450 1508 quater?
503 1421 580 1488 Non
607 1423 733 1506 dubito,
765 1425 802 1486 tu
834 1422 910 1507 qnid
930 1444 1158 1506 -responsurus

149 1514 209 1596 sis,
232 1513 341 1596 itaque
364 1512 470 1590 video,
501 1513 551 1576 oui
574 1512 785 1577 committam.
829 1508 905 1575 Non
927 1511 1071 1595 quemvis
1095 1511 1159 1576 hoc

147 1602 234 1665 idem
256 1601 505 1685 interrogarem
527 1599 736 1684 responderet
755 1599 839 1664 enim
859 1599 942 1664 alius
960 1599 1101 1664 fortasse
1123 1621 1158 1664 sc
1173 1625 1199 1666 1⁵

148 1712 214 1755 non
245 1689 341 1754 modo
371 1691 524 1772 quattuor
556 1687 743 1753 consulatus
774 1689 830 1751 uni
862 1691 1069 1770 anteponere,
1102 1688 1159 1752 sed
1251 1715 1263 1778 s,

148 1799 248 1842 unum
280 1777 365 1842 diem
396 1774 519 1841 Cinnae
551 1776 728 1840 multorum
760 1779 793 1839 et
820 1775 982 1841 clarorum
1014 1775 1159 1840 virorum
1262 1781 1263 1840 l

148 1865 227 1930 totis
260 1865 428 1930 aetatibus.
486 1863 626 1931 Laelius.
652 1864 680 1927 si
713 1863 815 1948 digito
853 1885 948 1949 quem
984 1864 1159 1948 attigisset,
1262 1851 1263 1945 l

148 1976 269 2038 poenas
297 1953 459 2034 dedisset,
481 1955 516 2016 at
538 1950 641 2016 Cinna
669 1953 811 2036 collegae
838 1951 901 2034 sui,
931 1952 1071 2016 consulis
1100 1949 1158 2016 Cn.

149 2041 288 2125 Octavii,
310 2040 453 2125 praecidi
477 2043 573 2123 caput
595 2041 703 2123 iussit,
729 2039 764 2105 P.
788 2036 911 2122 Crassi,
938 2039 973 2103 L.
999 2038 1196 2124 Caesariano

148 2129 422 2195 nobilissimorum
444 2128 622 2211 hominum,
652 2149 787 2212 quorum
810 2129 913 2192 virtus
940 2127 1047 2192 fuerat
1069 2128 1157 2192 domi
1251 2193 1262 2214 ,

149 2218 346 2301 militiaeque
383 2216 527 2300 cognita,
568 2215 611 2280 Μ.
642 2215 791 2293 Antonii,
828 2215 972 2280 omnium
1009 2217 1158 2300 eloquen-

150 2305 283 2388 tissimi,
306 2326 386 2389 quos
409 2324 469 2389 ego
494 2304 663 2387 audierim,
686 2301 721 2369 C.
744 2302 905 2386 Caesaris,
929 2305 963 2368 in
987 2325 1051 2390 quo
1075 2305 1157 2369 mihi

149 2394 274 2458 videtur
297 2393 459 2477 specimen
481 2392 581 2457 f'uisse
603 2392 829 2471 humanitatis,
858 2392 949 2475 salis,
977 2392 1157 2476 suavitatis,

148 2481 277 2565 leporis.
331 2479 492 2545 Beatusne
520 2481 632 2565 igitur,
662 2481 718 2566 qui
747 2478 807 2544 hos
837 2479 1021 2544 interfecit?
1073 2479 1156 2545 Mihi
1169 2508 1195 2550 a

149 2575 263 2635 contra
280 2590 347 2634 non
365 2568 469 2634 solum
489 2589 527 2632 eo
545 2569 672 2633 videtur
691 2569 800 2652 miser,
824 2568 909 2651 quod
927 2589 965 2632 ea
989 2568 1076 2652 fecit,
1100 2569 1156 2633 sed

150 2658 248 2722 etiam
271 2657 356 2741 quod
378 2657 425 2721 ita
444 2678 478 2720 se
501 2657 617 2741 gessit,
639 2659 676 2721 ut
693 2678 731 2721 ea
748 2656 854 2720 facere
873 2657 903 2720 ei
925 2657 1045 2722 liceret.
1082 2656 1157 2722 Etsi

149 2767 281 2830 peccare
303 2745 425 2809 nemini
447 2744 537 2828 licet3
561 2745 616 2809 sod
636 2744 792 2810 sermonis
817 2765 922 2808 errore
945 2744 1098 2828 labimur3
1121 2745 1156 2809 id
1260 2739 1261 2818 ἶ

96 2856 129 2904 56
149 2835 236 2899 enim
258 2834 354 2897 licere
378 2832 526 2915 dicimus,
556 2832 641 2917 quod
664 2833 777 2916 cuique
801 2833 994 2897 conceditur.
1038 2832 1156 2898 Utrum
1260 2899 1261 2902 ,

148 2922 279 2987 tandem
297 2921 423 2985 beatior
438 2917 472 2984 C.
486 2919 607 2987 Marius
622 2925 700 3004 tum,
719 2942 791 2985 cum
806 2918 986 2986 Cimbricae
1002 2921 1155 2986 victoriae
1168 2948 1193 2988 ao
1260 2919 1261 2923 ’

149 3010 285 3096 gloriam
322 3030 394 3073 oum
439 3009 563 3094 collega
599 3005 715 3074 Catulo
752 3007 1014 3092 communicavit,
1054 3031 1155 3093 paene

149 3100 250 3164 altero
282 3096 392 3162 Laelio
425 3093 514 3183 (uam
546 3097 631 3163 hunc
663 3097 712 3161 illi
742 3097 821 3162 duco
854 3095 1083 3181 simillimum),
1115 3120 1155 3162 an
1256 3125 1260 3154 a

149 3209 221 3252 cum
249 3185 337 3252 civili
365 3185 451 3251 bello
480 3187 584 3252 victor
611 3186 713 3250 iratus
745 3185 933 3250 necessariis
966 3183 1075 3250 Catuli
1104 3185 1155 3250 de·

148 3275 354 3360 precantibus
373 3296 439 3340 non
458 3275 558 3339 semel
579 3273 759 3358 respondit,
782 3273 837 3338 sed
861 3294 969 3357 saepe:
1000 3272 1154 3338 ‘Moria-
1259 3287 1260 3294 ’

147 3363 248 3428 tur’?
302 3361 342 3426 In
371 3385 434 3447 quc
465 3363 592 3427 beatior
620 3363 690 3444 ille,
723 3361 779 3445 qui
806 3359 881 3426 huic
911 3361 1053 3426 nefariae
1085 3363 1190 3430 vocius
1259 3361 1260 3402 l

147 3452 271 3536 paruit,
299 3473 395 3536 quam
421 3452 463 3534 is,
490 3453 545 3535 qui
567 3455 635 3515 tam
663 3450 817 3516 scelerate
843 3450 1024 3533 imperavit.
1070 3447 1153 3514 Nam

148 3562 220 3605 cum
257 3540 400 3623 accipere
439 3562 534 3623 quam
567 3540 672 3603 facere
704 3542 849 3622 praestat
884 3537 1050 3622 iniuriam,
1087 3542 1153 3604 tum
