2552 3966
366 206 433 262 ιιι.
453 207 474 260 ι.
502 206 580 262 CAP.
599 212 629 276 s,
650 212 691 262 ro.
718 211 875 273 sao-eo.
1048 207 1128 273 '105

117 367 246 434 dolores
279 373 312 433 et
344 390 423 454 quas
455 368 624 436 molestias
657 369 821 454 excepturi
853 371 933 455 sint,
965 373 1129 438 occaecati

117 456 295 540 eupiditate
317 479 384 522 non
404 458 589 542 provident,
612 458 774 560 similique
793 459 923 524 suntin
942 460 1050 544 eulpa,
1072 461 1127 546 qui

116 543 226 610 officia
247 546 400 611 deserunt
417 545 535 614 mollit'
510 550 558 612 ιιι
576 547 689 630 animi,
711 546 818 612 idt
768 549 818 613 est
841 546 990 613 laborum
1013 551 1047 612 et
1070 549 1124 615 do·

116 633 223 698 lorum
255 634 433 720 fugat
387 633 433 702 Et
455 634 572 700 harum
599 634 730 720 quidem
756 657 863 700 reruni
885 635 1067 702 facilist
1017 641 1111 703 este

80 721 268 806 serpedita
232 722 356 788 tdist
341 723 465 790 tinctio.
509 722 595 792 Nam
617 722 718 790 libero
741 728 901 808 tempore,
924 747 996 790 oum
1020 725 1128 792 soluta

18 843 27 856 ·
115 811 211 876 nobis
240 814 291 876 eat
318 811 458 898 eligendi
485 812 590 897 optio,
619 834 754 896 eumque
781 811 865 878 nihil
886 811 1035 898 impedit,
1064 835 1126 899 quo

115 898 223 964 minus
255 898 303 983 id,
340 900 426 985 quod
463 900 603 966 maxime
635 900 778 986 placeat,
815 901 920 967 faeere
956 902 1129 987 possimus,

116 987 222 1053 omnis
244 988 395 1072 voluptas
418 988 612 1056 assumenda
633 993 696 1072 est,
725 989 829 1054 omnis
851 989 944 1057 dolor
968 990 1127 1076 depellen-

115 1075 184 1140 dus.
239 1075 451 1162 Temporibus
484 1080 594 1142 autem
627 1039 820 1162 quihusdam
852 1080 886 1143 et
917 1083 974 1144 aut
1011 1079 1127 1145 officiis

78 1190 102 1230 ιι
115 1161 315 1230 debitist
259 1167 315 1230 aut
336 1187 445 1230 rerum
472 1169 613 1232 neeessrt
589 1165 722 1232 a'ttibus
748 1187 846 1252 saepe
873 1168 1012 1252 eveniet,
1035 1170 1129 1234 utet

115 1253 301 1337 voluptates
332 1253 550 1338 repudiandae
582 1253 650 1320 sint
682 1257 714 1320 et
745 1254 873 1322 molest
849 1259 915 1320 trae
945 1277 1011 1322 non
1038 1277 1127 1322 reau-

115 1340 243 1408 sendee.
291 1339 406 1428 Itaque
433 1364 545 1408 earum
572 1364 680 1408 rorum
707 1342 761 1408 hio
789 1346 878 1409 tenet
863 1347 917 1410 tur
940 1367 960 1409 ι
982 1345 1127 1432 sapiente

114 1428 267 1508 dilectus,
293 1435 331 1495 ut
358 1433 416 1496 ιιιι
438 1430 607 1496 reiciendis
638 1431 859 1516 voluptatibus
882 1433 1022 1498 maiores
1046 1433 1126 1499 alias

115 1523 328 1602 consequatur
356 1522 414 1584 aut
439 1519 638 1604 perferendis
670 1519 836 1585 doloribus
868 1521 1050 1605 asperiores
1079 1543 1128 1588 re

77 1607 227 1690 repellat
275 1607 369 1672 Hane
396 1626 457 1693 ego
485 1629 557 1674 oum
583 1611 714 1673 teneam
740 1608 950 1693 sententiam,
977 1609 1054 1694 quid
1077 1615 1128 1676 est
1146 1624 1188 1672 ιι

115 1716 173 1762 our
195 1716 322 1779 verear,
343 1717 385 1762 ne
408 1696 449 1762 ad
467 1717 539 1761 eam
556 1717 623 1763 non
645 1695 768 1781 possim
786 1697 1029 1763 accommodare
1047 1696 1127 1763 Tor-

116 1786 234 1867 quatos
256 1784 408 1850 nostros?
435 1806 515 1870 quos
537 1787 574 1850 tu
603 1784 701 1869 paulo
730 1787 804 1850 ante
834 1793 907 1849 euni
930 1787 1127 1871 memoriter,

115 1875 186 1938 tum
210 1871 309 1938 etiam
332 1893 411 1958 erga
431 1894 493 1939 nos
512 1873 614 1938 amioe
638 1877 671 1938 et
698 1874 848 1942 benivole
869 1873 1046 1959 collegisti,
1068 1897 1128 1940 neo
1249 1889 1262 1900 ⁴

115 1982 167 2025 me
190 1963 302 2026 tamen
322 1960 492 2028 laudandis
510 1961 688 2027 maioribus
706 1962 787 2026 meis
806 1961 979 2046 corrupisti
996 1982 1056 2028 nee
1079 1985 1127 2029 se·

78 2048 266 2134 segniorem
293 2049 334 2114 ad
361 2050 621 2136 respondendum
647 2049 825 2126 reddidisti.
870 2049 1015 2128 Quorum
1040 2051 1128 2119 faeta

69 2155 74 2166 ·
115 2160 213 2222 quem
240 2138 281 2204 ad
308 2138 451 2218 modum,
479 2161 613 2226 quaeso,
640 2138 888 2225 interpretaris?
939 2137 1045 2206 Sicine
1071 2161 1126 2206 eos

115 2248 227 2292 censes
254 2231 312 2292 aut
338 2226 374 2291 in
400 2231 562 2294 armatum
589 2227 717 2293 hostem
743 2228 903 2313 impetum
932 2228 1048 2294 fecisse
1071 2234 1128 2294 aut

115 2315 149 2380 in
183 2314 304 2381 liberos
337 2319 432 2400 atque
464 2316 500 2382 in
531 2315 723 2401 sanguinem
754 2337 848 2381 suum
886 2319 956 2381 tam
990 2316 1126 2382 erudelis

114 2402 229 2487 fuisse,
249 2402 334 2469 nihil
355 2407 393 2469 ut
415 2403 454 2470 de
477 2404 686 2486 utilitatibus,
712 2403 796 2470 nihil
822 2407 860 2468 ut
887 2403 926 2468 de
949 2405 1126 2470 commodis

77 2517 101 2558 ιι
116 2492 184 2558 suis
213 2491 417 2576 eogitarent?
462 2489 512 2558 'At
538 2492 572 2558 id
598 2514 638 2557 ne
660 2490 748 2557 ferae
771 2489 900 2577 quidem
923 2491 1060 2576 faciunt,
1089 2497 1127 2558 ut

115 2580 163 2645 ita
185 2585 282 2646 ruant
304 2581 414 2666 itaque
437 2581 582 2664 turbent,
605 2584 655 2663 ut,
678 2600 788 2644 aarum
806 2583 914 2644 motus
934 2582 967 2645 st
984 2579 1125 2666 impetus

115 2690 180 2753 quo
215 2668 413 2753 pertineant,
443 2691 510 2735 non
540 2669 779 2754 intellegamus3
814 2670 851 2732 tu
878 2671 948 2733 tam
975 2669 1125 2755 egregios

114 2757 204 2824 viros
236 2778 347 2826 censes
378 2760 489 2824 tentas
520 2779 573 2823 res
601 2757 740 2842 gessisse
768 2756 837 2822 sine
864 2756 982 2824 causa?
1037 2757 1126 2834 Quae
1145 2776 1187 2826 ιι-

115 2844 214 2911 fuerit
245 2867 355 2930 eausa,
387 2867 463 2912 mox
489 2845 613 2929 vider03
641 2844 765 2911 interea
790 2844 853 2910 hoe
875 2845 1006 2930 tenebo,
1033 2847 1062 2911 si
1085 2847 1127 2913 ob

78 2959 103 3000 eo
117 2934 261 3019 aliquam
284 2956 415 2999 eausam
437 2933 514 3019 ista,
538 2955 620 3019 quae
643 2934 712 3028 aine
734 2933 833 2999 dubio
853 2933 1021 3018 praeclara
1044 2938 1127 3020 sunt,

115 3023 267 3107 fecerint,
288 3022 486 3088 virtutem''
464 3045 505 3088 ns
527 3045 585 3106 per
608 3019 764 3108 seipsam
783 3043 912 3088 oausam
932 3044 997 3088 non
1017 3022 1127 3089 fuisse.

119 3147 157 3158 -
178 3110 339 3196 Torquem
362 3110 502 3177 detraxit
523 3110 679 3177 hosti-
700 3107 745 3174 Et
730 3110 891 3196 tquidem
914 3131 948 3175 se
971 3111 1063 3194 texit
1086 3132 1126 3176 ne

116 3199 332 3265 interiret—
353 3198 400 3265 At
418 3218 571 3284 magnum
593 3191 771 3283 perieulum
795 3198 947 3264 adiit-
965 3197 1004 3262 In
1024 3161 1126 3264 odulis

116 3287 247 3372 quidem
269 3288 502 3353 exereitus-
526 3287 611 3364 Quid
638 3309 677 3352 ex
705 3309 743 3354 eo
773 3291 823 3351 est
845 3290 997 3352 oonseout
983 3285 1060 3352 tus?
1084 3323 1124 3334 -

78 3401 104 3442 as
116 3375 260 3442 Laudem
286 3378 319 3442 et
345 3377 463 3442 oaritat
464 3398 528 3460 em,
557 3397 638 3461 quae
661 3378 737 3441 sunt
758 3375 846 3440 vitae
871 3375 940 3439 sine
963 3378 1051 3440 metu
1074 3375 1127 3441 de·

116 3464 239 3550 gendes
265 3465 428 3548 praesidia
449 3464 645 3529 firmissima.
668 3500 711 3511 -
733 3462 855 3528 Filium
881 3467 987 3528 morte
1009 3464 1126 3529 multa·

117 3553 171 3620 vit
194 3589 239 3598 -
262 3550 298 3617 si
325 3553 394 3617 sine
417 3574 528 3640 eausa,
553 3553 676 3618 nollem
704 3573 755 3616 me
783 3551 824 3617 ab
845 3571 885 3617 'eo
910 3555 1029 3638 ortum,
1057 3557 1126 3618 tam

1141 3879 1158 3922 l
