2574 3956
252 213 257 222 ’
341 237 408 292 nra.
427 239 461 294 11.
490 235 567 294 ono.
587 243 707 292 as-sr.
741 242 897 302 sar-su
1061 237 1123 301 155

111 397 208 462 laude
232 398 395 464 amicitiae
418 399 505 464 dicta
529 402 612 465 sunt.
663 399 739 466 Non
766 419 897 484 quaero,
925 399 1000 483 quid
1029 399 1124 482 dicat,

113 486 169 550 sed
203 486 281 570 quid
313 487 539 552 convenienter
573 488 678 571 possit
713 487 832 552 rationi
869 490 902 550 et
943 489 1124 551 sententiae

113 595 192 638 suae
216 575 329 639 dicere.
380 573 554 640 ‘Utilitatis
584 597 680 640 causa
708 575 850 640 amicitia
878 577 927 638 est
956 574 1123 659 quaesita?

112 659 201 726 Num
229 661 330 745 igitur
357 663 522 727 utiliorem
548 663 610 727 tibi
636 663 721 728 hunc
744 661 906 726 Triarium
933 667 1030 745 putas
1055 683 1123 726 esse

84 771 223 834 sposse,
251 771 348 832 quam
375 750 403 814 si
430 755 487 814 tua
514 751 580 814 sint
607 750 751 815 Puteolis
779 749 952 835 granaria?
998 748 1124 834 Collige

113 837 238 921 omnia,
273 859 354 921 quae
385 837 510 902 soletis:
548 837 758 905 ‘Praesidium
787 837 985 903 amicorum?
1040 837 1124 902 Satis

113 930 164 990 est
190 925 254 988 tibi
281 927 314 989 in
337 929 382 1009 te,
411 927 490 990 satis
513 927 546 990 in
570 927 714 1012 legibus,
743 927 823 991 satis
851 926 885 989 in
911 926 1125 990 mediocribus

114 1013 268 1078 amicitiis
295 1013 463 1098 praesidii3
489 1015 556 1078 iam
579 1015 740 1079 contemni
763 1037 827 1080 non
850 1015 986 1097 poteris3
1017 1013 1125 1078 odium

114 1105 224 1165 autem
248 1103 281 1164 et
303 1101 458 1165 invidiam
480 1101 576 1166 facile
598 1103 730 1186 vitabis3
758 1102 797 1166 ad
822 1123 876 1165 eas
900 1103 986 1165 enirn
1009 1123 1059 1164 res
1084 1102 1124 1164 ab

69 1218 99 1255 10
113 1190 256 1273 Epicuro
279 1192 452 1273 praecepta
475 1189 598 1254 dantur.
636 1189 681 1253 Et
703 1187 814 1255 tamen
835 1192 937 1254 tantis
960 1189 1125 1274 vectigali-

114 1279 175 1342 bus
204 1277 245 1341 ad
272 1276 501 1341 liberalitatem
532 1280 626 1355 utens
659 1278 757 1342 etiam
794 1279 861 1342 siue
893 1278 954 1342 hac
983 1277 1125 1360 Pyladea

115 1364 260 1438 amicitia
287 1365 462 1430 multorum
486 1368 518 1430 tc
552 1364 773 1430 benivolentia
804 1366 968 1449 praeclare
993 1366 1124 1429 tuebere
1276 1417 1277 1470 ,

115 1457 148 1518 et
171 1452 305 1518 munies.
349 1452 396 1516 At
418 1453 545 1536 quicum
568 1453 640 1518 ioca
663 1453 760 1535 seria,
781 1458 819 1517 ut
842 1453 970 1537 dicitur,
996 1454 1124 1536 quicum
1144 1467 1179 1516 85
1276 1471 1277 1526 l

116 1562 242 1623 arcana,
262 1540 389 1625 quicum
409 1541 537 1604 occulta
555 1540 687 1604 omnia?
723 1540 843 1605 Tecum
863 1541 993 1623 optime,
1012 1540 1127 1604 deinde

71 1630 214 1696 raetiam
246 1645 317 1692 curn
350 1627 504 1697 mediocri
537 1629 648 1691 amico.
703 1625 765 1692 Sed
791 1627 843 1692 fao
872 1629 934 1691 ista
961 1649 1030 1691 esse
1060 1649 1127 1692 non
1276 1639 1277 1648 ’

116 1719 313 1800 importuna,
333 1715 409 1798 quid
429 1714 469 1779 ad
488 1715 663 1780 utilitatem
682 1717 793 1778 tantae
813 1715 990 1797 pecuniae?
1028 1713 1126 1779 Vides

116 1807 229 1890 igitur,
258 1805 286 1867 si
313 1802 490 1867 amicitiam
519 1825 576 1867 sua
603 1802 737 1866 caritate
764 1803 913 1884 metiore,
944 1802 1026 1866 nihil
1057 1825 1126 1866 esse

115 1891 349 1977 praestantius,
378 1892 428 1956 sin
455 1892 686 1974 emolumento,
715 1913 857 1955 summas
886 1891 1126 1955 familiaritates

116 1980 321 2064 praediorum
347 1979 586 2044 fructuosorum
614 1977 758 2043 mercede
787 1979 941 2062 superari.
991 1976 1044 2042 Me
1067 1979 1127 2062 igi-

73 2077 169 2135 sotur
200 2068 308 2152 ipsum
344 2089 448 2132 auresv
469 2070 610 2152 oportet,
645 2088 711 2131 non
743 2089 827 2150 mea,
867 2068 893 2132 si
926 2067 994 2132 veri
1032 2067 1132 2132 amici

116 2157 218 2220 futuri
242 2177 360 2220 sumus.

184 2241 246 2308 Sed
276 2243 311 2306 in
341 2244 436 2308 rebus
470 2243 683 2326 apertissimis
717 2244 853 2309 nimium
886 2245 976 2328 longi
1010 2249 1181 2314 sumus2'l

115 2332 264 2397 Perfecto
297 2331 383 2395 enim
420 2334 452 2394 et
488 2333 638 2396 concluso
675 2354 778 2416 neque
815 2332 988 2396 virtutibus
1026 2351 1128 2414 neque

9 2425 10 2460 l
118 2419 271 2484 amicitiis
294 2441 430 2502 usquam
452 2419 558 2484 locum
583 2439 665 2500 csse,
690 2421 717 2483 si
737 2419 776 2483 ad
795 2421 996 2502 voluptatem
1019 2419 1128 2482 omnia

9 2461 11 2570 l
75 2535 103 2576 25
117 2508 310 2589 referantur,
337 2506 420 2571 nihil
447 2509 615 2590 praeterea
643 2510 694 2571 est
721 2527 917 2590 magnopere
951 2504 1128 2570 dicendum.

9 2585 11 2686 l
118 2595 167 2660 Ac
189 2597 312 2673 tamen,
340 2617 381 2658 nc
404 2595 456 2658 oui
480 2595 551 2661 loco
574 2615 641 2659 non
665 2595 812 2658 videatur
836 2615 905 2658 esse
928 2614 1128 2677 responsum,

118 2705 221 2766 pauca
244 2683 342 2746 etiam
362 2703 447 2746 nunc
471 2683 574 2746 dicam
594 2682 635 2746 ad
653 2683 811 2767 reliquam
831 2682 1012 2748 orationem
1029 2685 1127 2746 tuam.

119 2769 280 2848 Quoniam
307 2771 408 2854 igitur
435 2771 538 2834 omnis
567 2793 693 2834 summa
722 2769 947 2854 philosophiae
971 2769 1011 2835 ad
1035 2770 1128 2834 beate
1148 2781 1184 2830 86

118 2858 291 2924 vivendum
322 2858 473 2941 refertur,
503 2857 599 2941 idque
629 2878 729 2922 unum
762 2860 947 2942 expetentes
980 2857 1129 2922 homines

78 2973 105 3014 so
119 2969 154 3012 se
184 2947 225 3010 ad
252 2945 314 3011 hoo
342 2946 483 3010 studium
511 2945 729 3024 contulerunt,
758 2947 852 3010 beate
883 2950 990 3011 autem
1022 2946 1129 3009 vivere

120 3035 177 3099 alii
208 3035 243 3098 in
275 3034 352 3116 alio,
383 3055 441 3098 vos
473 3033 507 3098 in
538 3034 706 3117 voluptate
738 3034 874 3117 ponitis,
905 3034 984 3098 item
1017 3037 1129 3098 contra

120 3123 285 3186 miseriam
317 3143 445 3187 omnem
480 3121 514 3186 in
553 3121 676 3206 dolore,
712 3121 747 3186 id
778 3123 918 3205 primum
955 3121 1130 3203 videamus,

120 3210 213 3273 beate
240 3211 347 3274 vivere
379 3213 521 3276 vestrum
551 3209 646 3293 quale
675 3209 726 3274 sit.
775 3211 881 3294 Atque
910 3210 972 3274 hoo
1002 3208 1130 3291 dabitis,

121 3300 158 3361 ut
181 3297 309 3381 opinor,
333 3298 361 3362 si
384 3299 479 3362 modo
503 3297 546 3361 sit
570 3297 691 3382 aliquid
715 3319 784 3362 esse
808 3299 952 3379 beatum,
980 3296 1013 3360 id
1037 3317 1131 3378 opor⁴

80 3411 106 3454 aa
120 3389 190 3450 tere
208 3389 313 3450 totum
332 3385 410 3470 poni
427 3386 462 3449 in
480 3388 642 3468 potestate
662 3387 826 3468 sapientis.
870 3384 958 3451 Nam
978 3385 1006 3448 si
1025 3384 1132 3448 amitti

119 3475 187 3539 vita
209 3474 307 3538 beata
330 3477 450 3557 potest,
473 3473 570 3537 beata
593 3494 663 3538 esse
686 3495 752 3537 non
774 3476 890 3557 potest.
941 3471 1022 3547 Quis
1045 3473 1131 3536 enim

120 3562 253 3630 confidit
276 3582 402 3644 semper
425 3561 488 3626 sibi
510 3561 591 3625 illud
622 3560 738 3625 stabile
768 3564 801 3624 et
828 3563 958 3625 firmum
986 3581 1131 3644 perman-
