2574 3956
156 181 218 243 132
317 181 365 234 nu
384 179 529 234 numus
547 165 726 233 nouorum
744 139 792 232 nr
811 176 994 233 MALORUM
1025 149 1029 158 “

154 344 284 407 bonum.
328 341 396 405 Nec
419 342 487 425 ille,
515 342 569 424 qui
592 339 771 425 Diogenem
798 338 942 404 Stoicum
967 338 1164 421 adulescens,

154 435 230 514 post
262 434 369 495 autem
400 430 591 495 Panaetium
623 428 782 511 audierat,
815 427 958 510 Laelius,
991 449 1028 491 eo
1058 427 1164 491 dictus

155 522 205 583 eat
228 519 372 603 sapiens,
402 518 487 602 quod
509 539 575 581 non
597 516 813 603 intellegeret,
837 514 912 598 quid
937 515 1165 579 suavissimum

110 623 112 628 ’
155 611 241 672 esset
268 605 341 691 (nee
369 607 453 671 enim
482 604 636 689 sequitur,
663 608 713 688 ut,
741 605 791 668 cui
819 624 874 668 cor
901 603 1019 687 sapiat,
1043 603 1072 666 ei
1098 624 1167 668 non

155 696 262 778 sapiat
283 691 442 778 palatus),
465 693 521 758 sed
544 694 620 776 quia
642 694 735 776 parvi
757 693 790 756 id
813 692 951 756 duceret.
1195 716 1209 756 5

199 817 420 902 Olapathe,
447 820 490 921 ut
510 817 673 899 iactare,
700 837 767 880 nec
798 838 835 880 es
852 817 958 919 'satis
982 818 1165 900 cognitus

199 995 243 1058 In
266 1017 337 1078 quo
360 993 516 1058 Laelius
541 993 728 1058 clamores
752 927 860 1074 nobb}
879 907 951 1056 ἱεΙῙΙΒθΣ
972 993 1126 1057 solebat

199 1083 321 1146 Edere
344 1083 584 1165 compellans
607 1082 755 1164 gumias
779 1103 821 1144 ex
845 1081 978 1144 ordine
999 1084 1166 1146 nostros.

155 1223 322 1288 Praeclare
344 1221 487 1305 Laelius,
510 1226 544 1285 et
565 1225 650 1286 reete
673 1217 791 1304 σοφός,
814 1221 956 1306 illudque
979 1242 1067 1287 vere:
1181 1247 1210 1286 ro

223 1344 249 1410 Ο
272 1345 401 1428 Publi,
424 1366 443 1410 o
468 1365 624 1429 gurgen,
647 1342 815 1409 Galloni!
839 1366 877 1409 es
900 1343 1011 1409 homo
1035 1344 1167 1426 miser,

867 1433 1006 1516 inquit.

224 1520 381 1586 Cenasti
404 1521 445 1585 in
468 1521 550 1587 vita
572 1543 774 1606 numquam
797 1521 904 1602 bene,
934 1542 1013 1584 cum
1039 1520 1167 1584 omnia
1277 1559 1278 1570 κ

867 1609 906 1672 in
929 1609 1006 1672 ista

224 1697 426 1764 Consumis
470 1698 618 1782 aquilla
658 1701 772 1781 atquc
814 1717 1043 1779 acupensere
1084 1717 1167 1760 cum
1184 1720 1211 1760 15

800 1784 1006 1848 decumano
1277 1851 1278 1900 ,

156 1928 189 1992 Is
211 1928 471 2012 haecloquitur,
495 1927 550 2012 qui
573 1928 608 1990 in
630 1927 795 2009 voluptate
818 1925 901 1989 nihil
923 1945 1045 2007 ponens
1068 1928 1168 2007 negat

158 2038 230 2081 eum
258 2017 339 2080 bene
367 2037 495 2098 cenare,
523 2016 577 2099 qui
605 2015 714 2079 omnia
740 2016 841 2097 ponat
869 2013 903 2076 in
930 2011 1109 2095 voluptate,
1135 2014 1169 2072 et

156 2108 267 2167 tamen
288 2124 351 2168 noa
373 2107 473 2186 negat
500 2103 639 2167 libenter
656 2123 809 2186 umquam
832 2121 962 2164 cenasse
982 2098 1168 2163 Gallonium

158 2189 366 2276 (mentiretur
389 2189 503 2274 enim),
531 2190 587 2255 sed
615 2190 704 2254 bene.
754 2189 805 2253 lta
833 2189 976 2272 graviter
1002 2190 1041 2258 et¹
1057 2207 1167 2250 severe
1182 2214 1211 2269 ro

157 2279 358 2363 voluptatem
386 2281 523 2343 secernit
551 2301 571 2343 a
597 2279 692 2344 bonu.
741 2276 792 2341 Ex
820 2298 882 2360 quo
910 2275 989 2340 illud
1020 2274 1168 2356 efficitur,

158 2367 213 2452 qui
239 2367 319 2432 bene
343 2371 472 2452 cenent,
494 2367 601 2432 omnis
624 2366 762 2431 libenter
786 2385 913 2448 cenare,
941 2363 996 2448 qui
1018 2362 1167 2443 libenter,

105 2477 138 2525 aa
157 2478 223 2521 non
241 2457 392 2522 continuo
411 2457 501 2522 bene.
538 2454 671 2540 Semper
688 2453 816 2517 Laelius
835 2453 926 2516 bene.
961 2450 1046 2527 Quid
1064 2449 1168 2514 bene?

158 2542 253 2608 Dicet
275 2544 441 2609 Lucilius?

723 2666 848 2746 cocto,
1182 2688 1210 2728 aa

247 2769 426 2854 Condito,
1197 2761 1199 2765 ¹

158 2876 216 2941 aed
239 2877 316 2942 cedo
340 2881 438 2961 caput
461 2898 571 2942 cenae:

286 3032 296 3042 .
414 3001 588 3047 sermone
614 2981 726 3064 bone,
825 3058 828 3063 ¹

158 3089 235 3174 quid
259 3110 297 3153 ex
320 3088 382 3152 eo?

740 3192 774 3255 si
794 3190 964 3274 quaeris,
986 3189 1168 3272 libentem
1183 3215 1209 3254 ao

159 3337 310 3401 veniebat
342 3335 428 3400 enim
460 3334 501 3398 ad
526 3353 659 3416 cenam,
690 3335 729 3396 ut
760 3333 867 3397 animo
895 3331 1003 3415 quieto
1034 3329 1170 3393 satiaret

160 3424 318 3489 desideria
340 3426 483 3488 naturae.
519 3420 619 3486 Recte
638 3442 715 3506 ergo
738 3421 766 3484 is
789 3421 889 3504 negat
911 3438 1065 3503 umquam
1087 3417 1169 3482 benc

160 3532 291 3576 cenasse
324 3510 523 3592 Gallonium,
554 3512 640 3575 recte
672 3508 838 3590 miserum,
869 3528 942 3572 cum
978 3507 1169 3589 praesertim
