2564 3952
339 222 408 278 rus.
426 219 474 277 111.
503 221 580 278 cnr.
599 228 704 280 9-11.
732 175 888 290 seo-rr.
1057 224 1123 290 365

105 386 214 452 animi
241 384 328 450 elata
356 387 388 450 et
415 385 568 470 gestiens.
616 385 691 470 Ipse
721 387 819 451 etiam
845 390 951 460 metus
977 409 1044 452 non
1073 391 1123 454 est

106 474 220 540 morbi
250 472 423 539 admodum
456 473 588 557 similis,
619 493 816 558 quamquam
846 474 1041 560 aegritudini
1072 482 1123 542 est

106 562 285 645 finitimus,
313 561 368 627 sed
395 562 538 644 proprie,
565 565 603 626 ut
630 562 810 646 aegrotatio
837 563 871 627 in
898 585 1046 647 corpore,
1076 566 1123 630 sie

109 649 283 734 aegritudo
315 649 350 714 in
381 649 490 714 animo
523 671 641 715 nomen
671 649 771 715 habet
800 671 867 715 non
894 652 1073 717 seiunctum
1102 675 1122 717 a
1216 712 1221 722 .

76 739 231 804 adolere.
280 734 410 804 Doloris
439 737 534 802 huius
561 739 663 823 igitur
688 739 780 823 origo
807 740 903 804 nobis
933 738 1122 823 explicanda

109 830 177 910 est,
200 827 234 890 id
252 829 302 890 est
319 847 417 890 eausa
436 825 577 891 efficiens
597 825 831 911 aegritudinem
854 828 890 892 in
908 828 1015 894 animo
1039 832 1121 893 tam·

110 918 703 1068 tttttritttttttptt
730 914 1123 1089 territurus

109 1111 173 1156 nos
197 1111 294 1156 eausa
317 1089 529 1176 aegritudinis
548 1094 679 1175 reperta
695 1090 845 1156 medendi
868 1091 1058 1158 facultatem
1076 1114 1123 1158 re-

66 1203 97 1244 ro
110 1180 282 1264 pariamus.
1133 1229 1173 1293 H

178 1266 241 1332 Est
258 1266 358 1352 igitur
376 1287 474 1332 eausa
492 1267 597 1333 omnis
614 1267 650 1332 in
667 1269 826 1354 opinione,
845 1290 906 1336 neo
923 1292 1000 1336 uero
1020 1271 1121 1357 aegri·
1140 1307 1175 1356 24

109 1355 234 1420 tudinis
257 1356 374 1439 solum,
402 1355 458 1420 sed
485 1356 584 1421 etiam
609 1356 806 1441 reliquarum
829 1359 972 1424 omnium
997 1363 1121 1443 pertur-

110 1443 295 1527 bationum,
317 1464 399 1528 quae
419 1447 494 1509 sunt
512 1464 628 1530 genere
647 1449 814 1530 quattuor,
837 1447 984 1529 partibus
1002 1447 1120 1529 plures.

12 1563 18 1572 ·
111 1530 198 1597 Nam
221 1553 292 1596 eum
315 1533 420 1597 omnis
443 1533 645 1616 perturbatio
669 1533 712 1598 sit
739 1534 838 1598 animi
860 1539 968 1600 motus
996 1535 1048 1598 vel
1070 1556 1121 1599 ra·

69 1621 213 1687 rationis
241 1641 353 1704 expers
380 1621 433 1685 vel
455 1621 615 1686 rationem
638 1642 813 1704 aspernans
836 1623 887 1686 vel
912 1621 1033 1688 rationi
1054 1644 1121 1689 non

113 1708 299 1789 oboediens,
329 1708 421 1793 isque
453 1712 561 1775 motus
594 1711 650 1772 aut
676 1709 754 1774 boni
781 1713 839 1775 aut
866 1710 944 1776 mali
971 1709 1120 1794 opinione

9 1859 15 1866 .
113 1797 229 1862 citetur
264 1795 433 1881 bifariam,
468 1800 621 1882 quattuor
651 1797 911 1881 perturbationes
944 1798 1122 1882 aequaliter

9 1943 11 1946 .
112 1885 305 1950 distributae
332 1888 416 1950 sunt.
464 1885 550 1950 Nam
578 1885 658 1950 duae
686 1888 763 1950 sunt
789 1907 828 1950 ex
855 1885 1004 1969 opinione
1034 1886 1121 1972 boni,

113 1993 247 2058 quarum
280 1972 395 2055 altera,
426 1973 608 2058 voluptas
639 1975 826 2058 gestiens,
856 1974 891 2038 id
918 1977 968 2039 est
993 1978 1122 2058 praeter

73 2061 244 2128 atmodum
272 2061 356 2126 elata
382 2061 522 2145 laetitia,
549 2061 700 2146 opinione
723 2062 902 2146 praesentis
925 2063 1038 2147 magni
1064 2064 1120 2128 ali·

114 2149 203 2214 cuius
225 2149 317 2232 boni,
340 2149 456 2233 altera,
478 2171 561 2234 quae
584 2153 633 2216 est
654 2151 857 2216 inmoderata
875 2151 1031 2236 adpetitio
1053 2152 1120 2237 opi·

113 2238 182 2302 nati
203 2238 315 2322 magni
336 2237 414 2302 boni
440 2237 560 2304 rationi
583 2260 648 2303 non
674 2240 914 2324 obtemperans,
941 2239 993 2304 vel
1017 2241 1120 2323 eupi-

114 2325 215 2391 ditas
242 2329 329 2391 recte
351 2326 404 2391 rel
431 2325 554 2390 libido
578 2327 641 2391 diei
663 2330 781 2409 potest.
829 2327 918 2412 Ergo
945 2327 1026 2392 haee
1055 2327 1118 2394 duo
1139 2346 1173 2396 25

10 2431 11 2438 ¹
81 2473 87 2484 ‚
114 2416 244 2498 genera,
266 2413 418 2498 voluptas
442 2413 584 2498 gestiens
603 2418 636 2478 et
653 2414 768 2498 libido,
790 2414 949 2480 bonorum
970 2415 1120 2499 opinione

73 2527 101 2569 as
114 2502 296 2584 turbantur,
323 2504 361 2566 ut
387 2501 450 2567 duo
477 2502 614 2586 reliqua,
643 2505 748 2566 metus
777 2505 810 2566 et
841 2501 1024 2586 aegritudo,
1052 2524 1120 2567 ma-

114 2589 226 2656 lorum.
271 2588 357 2655 Nam
380 2592 413 2654 et
436 2593 559 2654 metus
583 2589 692 2673 opinio
715 2589 826 2676 magni
846 2589 925 2654 mali
946 2588 1120 2674 inpenden-

113 2678 156 2743 tis
183 2682 216 2742 et
244 2677 445 2763 aegritudo
473 2681 523 2743 est
551 2677 662 2761 opinio
690 2678 801 2762 magni
824 2676 902 2743 mali
930 2678 1120 2763 praesentis,

116 2769 148 2831 et
172 2764 301 2850 quidem
327 2787 438 2830 reeens
466 2766 575 2851 opinio
598 2765 675 2830 talis
698 2766 790 2850 mali,
806 2765 857 2831 'ut
879 2765 913 2831 in
936 2787 974 2834 eo
997 2771 1121 2832 reatum

114 2853 260 2920 videatur
287 2855 358 2918 esse
385 2853 474 2940 angi,
500 2854 535 2918 id
562 2857 671 2934 autem
698 2857 762 2938 est,
788 2858 825 2920 ut
851 2854 894 2939 is,
922 2855 978 2940 qui
1005 2854 1120 2939 doleat,

75 2967 102 3009 ao
115 2946 260 3026 oportere
284 2942 433 3027 opinetur
451 2963 484 3006 se
508 2942 625 3008 dolere.
660 2940 722 3006 His
741 2945 849 3007 autem
871 2943 1121 3027 perturbationi·

114 3031 185 3111 bus,
208 3051 288 3114 quas
311 3031 346 3094 in
366 3029 468 3094 ¹uitam
491 3029 659 3096 hominum
683 3031 822 3096 stultitia
846 3031 939 3116 quasi
962 3030 1119 3115 quasdam

114 3117 212 3184 furias
238 3118 379 3183 inmittit
405 3121 502 3202 atque
531 3119 661 3201 incitat,
693 3120 841 3184 omnibus
871 3118 993 3184 uiribus
1024 3122 1119 3204 atque

114 3206 227 3290 opibus
246 3205 493 3291 repugnandum
512 3210 574 3289 est,
595 3207 623 3270 si
640 3206 788 3271 volumus
806 3207 881 3291 boe,
904 3206 990 3290 quod
1008 3205 1119 3271 datum
1240 3203 1246 3213 '

116 3298 162 3359 est
183 3295 283 3376 vitae,
306 3293 480 3379 tranquille
503 3294 690 3378 placideque
712 3295 888 3360 traducere.
928 3291 990 3359 Sed
1014 3297 1120 3359 cetera

78 3405 103 3449 rs
117 3382 208 3466 alias,
242 3403 327 3446 nunc
356 3381 603 3468 aegritudinem,
635 3383 664 3446 si
694 3403 881 3466 possumne,
912 3381 1119 3465 depellamus.

114 3468 148 3534 Id
171 3470 259 3534 enim
281 3470 324 3534 sit
345 3469 563 3555 propositum,
587 3469 842 3555 quandoquidem
864 3489 935 3534 eam
957 3473 995 3534 tu
1016 3470 1119 3535 videri

116 3557 173 3624 tibi
195 3559 229 3624 in
252 3557 432 3644 sapientem
450 3557 561 3623 eadere
580 3557 703 3641 dixisti,
726 3558 811 3644 quod
830 3578 890 3644 ego
912 3557 1002 3625 nullo
1022 3558 1120 3624 modo
