2544 3952
317 221 384 276 nin.
404 220 451 276 IV.
480 219 557 276 OAP.
578 226 698 278 13-15.
727 225 883 286 sao-as.
1037 220 1103 285 403

93 383 273 468 aegritudo,
297 387 410 448 metus.
442 383 692 467 Aegrotationes
716 386 824 446 autem
846 383 1015 467 morbique
1036 383 1103 448 ani-

93 493 222 536 morum
245 469 406 536 difficilius
434 471 528 535 evelli
555 492 651 554 posse
681 473 835 554 putantur
858 493 955 556 quani
978 493 1104 536 sumnia

92 558 152 622 illa
184 558 279 641 vitia,
314 581 396 643 quae
432 559 607 624 virtutibus
645 561 720 623 sunt
756 560 927 624 contraria.
979 557 1103 624 Morbis

93 647 181 710 enim
205 647 410 712 manentibus
429 647 510 711 vitia
529 647 658 711 sublata
676 668 746 711 esse
767 651 918 730 possunt,
940 646 1016 730 quia
1038 669 1103 712 non

67 739 163 800 stam
191 734 337 822 celeriter
364 738 531 813 sanantur,
562 755 659 820 quam
686 734 745 798 illa
772 735 938 800 tolluntur.
991 734 1102 799 Habes
1121 754 1155 804 33

93 844 141 904 ea,
160 843 242 907 quae
261 823 299 886 de
317 819 617 906 perturbationibus
631 823 795 888 enucleate
811 822 977 907 disputant
992 821 1102 905 Stoici,

93 931 178 994 quae
200 907 316 993 λογικά
336 911 514 994 appellant,
537 911 613 995 quia
635 910 835 975 disseruntur
856 911 1015 977 subtilius.
1050 910 1101 976 En

93 998 212 1083 quibus
232 999 384 1082 quoniam
402 1002 567 1082 tamquam
587 1020 625 1064 ex
646 999 821 1082 scruplosis
845 999 971 1064 cotibus
995 1000 1101 1064 enari-

93 1085 186 1171 gavit
212 1087 330 1171 oratio,
356 1086 499 1171 reliquae
521 1086 749 1170 disputationis
773 1107 901 1152 cursum
925 1091 1102 1171 teneamus,

53 1200 79 1239 ιο
93 1173 192 1239 modo
229 1175 308 1240 satis
346 1175 405 1240 illa
436 1174 574 1239 dilucide
606 1175 780 1240 dixerimus
813 1197 872 1264 prq
904 1197 1011 1240 rerum
1047 1175 1102 1240 ob·

93 1262 256 1328 scuritate.
722 1265 727 1274 '
853 1263 869 1278 '*

159 1351 201 1416 A.
217 1349 353 1416 Prorsus
369 1351 462 1436 satis3
478 1351 573 1416 sedai
587 1351 866 1436 quaediligentius
878 1355 972 1416 erunt
986 1373 1102 1437 cogno·
1225 1363 1228 1369 '

11 1467 12 1474 ³
93 1439 224 1522 suenda,
247 1460 438 1522 quaeremus
462 1440 557 1521 alias,
579 1459 664 1504 nunc
688 1440 773 1524 vela,
796 1462 878 1525 quae
901 1440 994 1505 modo
1019 1441 1102 1504 dice·

93 1529 167 1610 bas,
191 1532 397 1610 expectamus
421 1530 454 1592 et
476 1548 613 1592 cursum.

44 1627 79 1682 '15
161 1619 206 1678 M.
230 1614 380 1699 Quando,
403 1619 440 1679 ut
462 1615 536 1680 aliis
558 1615 638 1680 locis
661 1614 700 1678 de
718 1614 838 1680 virtute
857 1619 890 1680 et
910 1616 1046 1681 diximus
1070 1587 1155 1712 effi

11 1717 12 1724 ’
93 1725 189 1786 saepe
208 1703 376 1768 dicendum
395 1703 456 1768 crit
473 1700 657 1788 (pleraeque
677 1702 763 1768 enim
782 1704 997 1786 quaestiones,
1020 1727 1101 1788 quae

93 1791 135 1856 ad
157 1791 259 1855 vitam
281 1811 451 1875 moresque
473 1791 649 1874 pertinent,
674 1813 694 1854 a
716 1791 847 1855 virtutis
870 1791 960 1856 fonte
984 1793 1101 1858 ducun-

92 1877 174 1963 tur),
197 1878 325 1962 quando
348 1880 450 1964 igitur
471 1879 574 1943 virtus
594 1882 643 1943 est
667 1878 805 1944 adfectio
829 1880 928 1944 animi
951 1884 1101 1948 constans

93 1968 361 2051 conveniensque,
383 1966 562 2032 laudabiles
586 1966 727 2032 efficiens
750 1987 819 2050 eos,
846 1968 1019 2051 inquibus
1043 1974 1101 2054 est,

54 2081 79 2121 20
93 2059 126 2120 et
148 2055 221 2138 ipsa
242 2076 301 2139 per
319 2077 354 2120 se
373 2076 431 2120 sua
450 2058 565 2137 sponte
584 2058 734 2138 separata
752 2055 851 2118 etiam
869 2057 1010 2121 utilitate
1033 2057 1101 2122 lau·

94 2143 225 2226 dabilis,
248 2165 287 2207 ex
310 2164 349 2207 ca
370 2143 617 2227 proficiscuntur
634 2143 790 2208 honestae
811 2144 1006 2224 voluntates,
1029 2167 1102 2212 sen-

92 2231 229 2315 tentiae,
248 2230 392 2296 actiones
411 2229 577 2314 omnisque
595 2233 684 2295 recta
702 2232 801 2314 ratio,
819 2253 1012 2315 quamquam
1029 2234 1102 2319 ipsa

93 2321 197 2383 virtus
221 2319 418 2384 brevissume
440 2321 529 2383 recta
551 2319 633 2382 ratio
657 2318 720 2383 dici
742 2323 859 2401 potest.
907 2319 1013 2386 Huius
1040 2323 1101 2406 igi·

92 2411 147 2472 tur
176 2407 307 2471 virtutis
339 2407 504 2472 contraria
534 2409 585 2470 est
615 2406 777 2470 vitiositas
807 2403 870 2490 (sic
898 2409 983 2471 enim
1013 2409 1100 2475 malo

54 2519 79 2560 25
94 2516 193 2578 quam
220 2495 379 2559 malitiam
407 2493 571 2577 appellare
598 2514 683 2576 eam,
713 2515 809 2577 quam
836 2492 950 2559 Gracci
981 2499 1100 2561 κακίαν

94 2583 274 2666 appellant,
296 2604 372 2646 nam
391 2581 516 2646 malitia
534 2581 614 2646 certi
632 2581 798 2646 cuiusdam
816 2581 887 2646 vitii
905 2604 1023 2648 nomen
1042 2589 1101 2669 est,

92 2669 256 2734 vitiositas
275 2667 447 2755 omnium);
471 2691 509 2734 ex
531 2691 596 2754 qua
613 2670 813 2734 concitantur
833 2671 1101 2756 perturbationes

93 2761 287 2843 quaesunt,
312 2761 350 2821 ut
370 2757 469 2842 paulo
493 2763 567 2822 ante
590 2757 741 2840 diximus,
768 2757 890 2822 turbidi
917 2759 1101 2824 animorum

94 2845 311 2929 concitatique
338 2848 460 2928 motus,
492 2846 597 2909 aversi
624 2867 644 2908 a
669 2846 795 2910 ratione
823 2849 856 2909 et
881 2845 1100 2912 inimicissimi

53 2959 80 3001 ao
93 2933 212 2998 mentis
236 2934 385 3016 vitaeque
407 2933 610 3016 tranquillae.
655 2932 826 3015 Inportant
852 2934 937 2999 enim
961 2937 1101 3019 aegritu-

93 3022 184 3087 dines
217 3021 328 3086 anxias
360 3023 456 3104 atque
489 3021 621 3084 acerbas
654 3021 839 3104 animosque
872 3021 1032 3107 adfligunt
1067 3025 1100 3087 et

93 3109 267 3174 debilitant
288 3110 389 3191 metu;
417 3108 514 3172 iidem
537 3109 740 3173 inflammant
763 3109 960 3193 adpet'tione
989 3111 1100 3195 nimia,

93 3219 190 3283 quarn
221 3200 291 3260 tum
324 3195 545 3280 cupiditatem,
570 3199 646 3259 tum
675 3196 842 3261 libidinem
869 3197 1019 3282 dicimus,
1050 3199 1099 3262 in·

93 3285 277 3369 potentiam
286 3284 447 3367 quandam
462 3283 561 3348 animi
576 3305 595 3348 a
607 3286 824 3368 temperantia
837 3288 870 3348 et
878 3284 1099 3351 moderatione

53 3398 79 3438 cs
92 3373 268 3456 plurimum
296 3371 513 3438 dissidentem.
563 3371 651 3448 Quae
676 3372 708 3442 ,si
735 3373 862 3456 quando
890 3372 1008 3456 adepta
1037 3375 1099 3439 erit
1117 3395 1150 3444 35

93 3461 139 3544 id,
166 3461 251 3545 quod
279 3459 309 3524 ei
335 3459 434 3524 fuerit
457 3461 675 3544 concupitum,
703 3462 773 3524 tum
800 3461 957 3525 ecferetur
984 3461 1096 3527 alacri·

92 3552 174 3633 tate,
197 3552 234 3613 ut
258 3546 373 3612 ‘nihil
396 3549 431 3612 ei
454 3551 619 3632 constet,
642 3549 741 3632 quod
764 3547 884 3633 agat',
906 3552 943 3613 ut
960 3549 1025 3635 ille,
1043 3551 1098 3636 qui

886 3649 940 3707 26*
