2574 3956
136 205 199 268 122
297 204 345 258 DE
364 203 509 260 FINIBUS
527 204 706 260 BONORUM
723 205 770 259 ΕΤ
789 204 972 260 MALORUM

133 365 245 450 sophis
278 387 472 451 magnopere
504 388 657 451 umquam
689 366 833 450 probavi.
888 365 1022 442 Quando
1054 367 1141 430 enim

133 452 296 533 Socrates,
335 455 390 539 qui
421 477 537 538 parens
568 453 795 538 philosophiae
826 455 895 518 iure
929 454 992 518 dici
1022 457 1142 538 potest,

133 543 305 626 quiequam
331 543 397 607 tale
419 541 519 607 fecit?
561 541 684 608 Eorum
707 546 777 609 erat
799 542 861 607 iste
884 564 969 626 mos,
992 542 1142 625 quitum

133 630 299 714 sophistae
330 632 596 712 nominabantur,
632 652 766 714 quorum
798 652 816 694 e
846 652 979 694 numero
1016 630 1141 714 primus

133 723 183 782 est
219 741 314 783 susus
350 717 527 783 Leontinus
565 717 703 803 Gorgias
740 719 774 783 in
810 723 970 794 conventu
1007 739 1170 803 posceres

133 807 368 891 quaestionem,
399 807 433 870 id
465 810 515 870 est
545 807 656 872 iubere
688 806 805 890 dicere,
837 829 901 892 qua
932 806 971 871 de
1001 828 1037 870 re
1068 808 1141 890 quis

132 894 230 958 vellet
259 895 377 960 audire.
432 894 547 960 Audax
578 895 759 980 negotium,
792 894 930 959 dicerem
961 894 1142 978 impudens,
1260 915 1270 932 ·

131 983 196 1047 nisi
217 982 280 1048 hoc
302 982 489 1047 institutum
510 986 625 1066 postea
647 983 842 1048 translatum
860 983 901 1048 ad
919 987 1047 1048 nostros
1069 983 1141 1066 phi-

96 1070 287 1154 alosophos
319 1074 413 1134 esset.
469 1068 531 1135 Sed
561 1075 596 1136 'et
626 1071 733 1154 illum,
769 1093 863 1155 quem
894 1071 1071 1154 nominavi,
1108 1075 1141 1134 et

132 1162 255 1224 ceteros
279 1158 455 1242 sophistas,
478 1161 515 1223 ut
537 1181 554 1222 e
576 1159 711 1224 Platone
733 1159 882 1244 intellegi
904 1163 1025 1244 potest,
1047 1160 1137 1223 lusos
1154 1185 1182 1224 ιο

132 1246 276 1310 videmus
300 1268 319 1310 a
342 1243 480 1311 Socrate.
516 1245 549 1312 ls
573 1248 659 1312 enim
681 1247 899 1330 percontando
924 1250 1019 1331 atquo
1041 1247 1140 1311 inter-

131 1334 275 1418 rogando
304 1333 417 1399 elicere
445 1334 570 1400 solebat
598 1355 709 1401 eorum
736 1336 917 1419 opiniones,
948 1336 1141 1420 quibuscum

130 1422 323 1505 disserebat,
350 1426 387 1486 ut
415 1423 455 1486 ad
483 1445 533 1507 ea,
561 1445 642 1507 quae
669 1424 693 1488 ii
720 1425 976 1508 respondissent,
1004 1424 1032 1487 si
1063 1422 1140 1508 quid

132 1509 307 1592 videretur,
330 1509 459 1575 diceret.
505 1510 568 1587 Qui
590 1534 661 1576 mos
685 1533 757 1576 cum
778 1535 798 1576 a
821 1512 1051 1595 posterioribus
1074 1533 1141 1576 non

133 1603 218 1662 esset
244 1601 401 1682 retentus,
432 1598 594 1664 Arcesilas
627 1621 699 1664 eum
730 1601 895 1665 revocavit
925 1600 1140 1682 instituitque,
1155 1625 1183 1664 15

132 1691 170 1751 ut
192 1687 230 1768 ii,
253 1686 308 1772 qui
327 1709 362 1752 se
380 1688 490 1752 audire
509 1688 642 1772 vellent,
664 1689 787 1753 nonde
806 1711 840 1754 se
863 1691 1061 1772 quaererent,
1084 1687 1140 1752 sed

133 1775 197 1858 ipsi
220 1775 375 1853 dicerent,
398 1776 475 1860 quid
498 1777 665 1858 sentirent3
689 1777 774 1860 quod
798 1798 871 1840 euin
894 1776 1061 1857 dixissent,
1083 1776 1140 1839 ille

132 1867 255 1927 eontra.
301 1861 363 1927 Sed
386 1885 460 1927 eum
483 1865 538 1948 qui
561 1864 749 1948 audiebant,
772 1864 878 1948 quoad
900 1867 1066 1947 poterant,
1088 1863 1140 1927 de·

132 1951 309 2014 tendebant
349 1952 542 2015 sententiam
578 1975 678 2016 suam.
740 1951 836 2036 Apud
873 1956 995 2018 eeteros
1033 1956 1140 2016 sutem

132 2038 354 2122 philosophum
377 2039 432 2122 qui
451 2040 610 2123 quaesivit
627 2041 757 2125 aliquid,
780 2044 880 2126 tacet,
904 2040 988 2125 quod
1010 2039 1140 2122 quidem
1154 2067 1182 2105 so

133 2127 199 2190 iam
222 2126 259 2189 fit
283 2127 381 2190 etiam
404 2127 439 2190 in
461 2127 645 2192 Academia.
688 2128 754 2194 Ubi
778 2129 863 2193 enim
886 2129 928 2212 is,
951 2128 1007 2211 qui
1030 2128 1140 2193 audire

132 2215 216 2297 vult,
238 2213 286 2278 ita
308 2214 401 2278 dixit:
432 2213 603 2298 ‘Voluptas
627 2215 708 2280 mihi
731 2216 858 2281 videtur
881 2237 951 2281 esse
979 2239 1141 2280 summum

132 2299 282 2376 bonum’‚
301 2306 459 2386 perpetua
477 2304 622 2369 oratione
643 2307 755 2369 contra
774 2305 968 2388 disputatur,
990 2307 1027 2367 ut
1045 2304 1140 2369 facile

133 2389 277 2474 intellegi
300 2390 405 2473 possit
424 2412 492 2472 coe,
515 2393 570 2477 qui
589 2392 708 2475 aliquid
727 2393 791 2457 sibi
809 2393 913 2457 videri
935 2393 1053 2475 dicant,
1073 2414 1141 2456 non

132 2479 221 2560 ipsos
244 2479 279 2542 in
302 2499 340 2543 ea
363 2479 524 2543 sententia
547 2501 631 2563 esse,
655 2481 710 2545 sed
733 2480 843 2545 audire
866 2481 946 2546 velle
970 2482 1140 2545 contraria.
1155 2505 1182 2545 25

97 2565 202 2633 aNos
226 2568 425 2632 commodius
449 2568 584 2652 agimus.
624 2567 701 2634 Non
720 2570 803 2633 enim
828 2569 933 2633 solum
957 2568 1141 2652 Torquatus

133 2655 227 2736 dixit,
254 2654 330 2736 quid
353 2656 505 2737 sentiret,
534 2656 588 2720 sed
613 2657 724 2740 etiam,
754 2678 818 2721 eur.
863 2655 935 2741 Ego
959 2659 1067 2720 autem
1091 2678 1141 2719 ar-

133 2742 249 2824 bitror,
272 2761 465 2826 quamquam
489 2743 660 2808 admodum
683 2744 860 2809 delectatus
883 2765 954 2809 sum
977 2745 1046 2808 eius
1070 2765 1140 2808 ora·

130 2830 219 2893 tione
241 2833 409 2913 perpetua,
432 2834 541 2894 tamen
564 2831 776 2912 commodius,
805 2854 877 2896 cum
899 2832 935 2895 in
957 2832 1052 2896 rebus
1076 2832 1141 2895 sin-

131 2917 218 3001 gulis
249 2916 384 2981 insistas
417 2920 450 2980 et
480 2917 666 3002 intellegas,
698 2919 774 3003 quid
807 2920 942 3005 quisque
975 2918 1140 3002 concedat,
1155 2946 1182 2985 ao

130 3005 209 3088 quid
233 3004 368 3088 abnuat,
391 3027 429 3069 ex
451 3005 547 3070 rebus
571 3007 730 3072 concessis
754 3008 915 3091 concludi,
944 3008 1028 3092 quod
1050 3007 1141 3090 velis,

130 3098 165 3156 et
184 3093 223 3157 ad
242 3093 362 3156 exitum
380 3094 550 3176 perveniri.
580 3092 661 3159 Oum
680 3096 764 3160 enim
782 3095 885 3160 fertur
903 3095 996 3180 quasi
1014 3098 1140 3160 torrens

129 3181 252 3264 oratic,
285 3182 432 3264 quamvis
465 3182 567 3246 mults
598 3183 750 3266 cuiusque
783 3184 871 3249 modi
903 3185 1022 3266 rapiat,
1057 3183 1141 3247 nihil

131 3273 243 3334 tamen
264 3272 389 3352 teneas,
415 3269 497 3333 nihil
520 3269 753 3355 apprehendaS,
778 3292 937 3355 nusquam
962 3271 1141 3336 orationem

129 3357 278 3439 rapidam
304 3361 460 3422 coerceas.
1154 3384 1181 3424 es

198 3445 310 3510 Omnis
339 3449 446 3509 autem
474 3445 508 3508 in
537 3447 732 3529 quaerendo,
759 3448 917 3531 quaevis
947 3448 1086 3530 quadam
1109 3450 1142 3511 et

130 3532 259 3596 ratione
281 3532 433 3618 habetur,
456 3534 559 3598 oratio
582 3535 800 3618 praescribere
819 3535 960 3620 primum
978 3536 1082 3618 debet,
1104 3538 1142 3599 ut
