2586 3950
156 213 220 278 112
319 213 368 268 Du
387 211 532 268 FINIBUS
549 210 730 268 BONORUM
747 210 795 266 ET
813 209 995 265 MALORUM

152 375 242 453 Quae
270 379 379 441 autem
406 378 500 439 tanta
527 395 566 439 ex
592 372 749 457 improbis
776 372 872 438 factis
900 371 941 436 ad
972 371 1169 436 minuendas

151 465 239 530 vitae
261 463 427 529 molestias
451 462 668 528 aooessiot
610 465 668 547 pot
669 483 702 526 es
704 459 820 614 ιιιθιί,
841 463 963 545 quanta
985 461 1026 524 ad
1045 479 1169 546 augen-

153 552 224 636 das,
256 573 328 618 oum
361 550 558 617 conscientia
593 549 660 614 faot
645 553 770 634 torum,
805 553 876 614 tum
912 567 1016 632 poena
1051 549 1168 634 legum

153 641 290 744 odioque
317 639 457 706 oinium?
506 637 592 704 Ett
536 641 689 703 ttamen
710 638 746 702 in
767 636 961 740 quibusdam
983 651 1103 740 neque
1108 659 1167 721 pe·

153 730 265 795 cuniae
297 728 410 793 modus
442 730 493 792 est
522 748 625 811 neque
656 726 790 792 honoris
817 747 920 810 neque
946 725 1074 810 imperii
1104 745 1199 790 noca

151 817 323 882 libidinum
349 837 408 882 neo
436 815 603 900 epularum
630 835 690 880 neo
717 814 913 898 reliquarum
941 814 1099 898 cupiditat
1065 835 1168 898 a,urn

153 927 234 990 quas
260 905 350 970 nulla
377 903 497 989 praeda
523 925 677 988 umquam
705 902 852 1005 improbe
878 906 973 987 parta
997 903 1115 968 minuit
1137 865 1170 968 ed

43 1001 58 1022 ¹
152 995 261 1078 potius
281 993 536 1076 inflammat‚tu
521 990 721 1057 toodroendi
740 992 843 1076 magis
868 1013 964 1076 quam
988 989 1168 1057 dedocendi

100 1103 134 1150 aa
154 1104 225 1147 esse
250 1081 428 1146 videantur.
477 1079 600 1145 Invitat
585 1080 726 1166 tigitur
753 1101 830 1144 vera
851 1079 934 1144 ratio
962 1080 1043 1144 bene
1067 1101 1191 1144 sanos

153 1171 269 1235 adius
271 1169 393 1253 titiam,
421 1168 631 1253 aequitatem,
659 1168 765 1234 fidem.
812 1166 926 1252 Neque
958 1165 1126 1232 homini
1116 1190 1166 1233 ιιι-
1185 1194 1215 1233 ιο

152 1259 237 1322 fanti
265 1260 322 1322 aut
348 1257 520 1342 impotenti
546 1257 665 1322 iniuste
694 1257 783 1322 facta
805 1257 1000 1340 conducunt,
1026 1257 1082 1341 qui
1104 1277 1167 1322 neo

151 1346 248 1412 facile
276 1345 401 1411 effioere
428 1346 547 1429 possit,
574 1345 660 1429 quod
687 1349 835 1429 sonetur,
861 1366 921 1411 neo
948 1307 1015 1410 obi'
990 1349 1105 1428 tmere,
1136 1345 1166 1410 si

154 1435 308 1518 effecerit,
334 1437 368 1499 et
395 1455 473 1517 opes
500 1435 552 1499 vel
573 1434 723 1499 fortunae
749 1433 801 1498 vel
823 1433 945 1518 ingenii
973 1433 1166 1498 liberalitati

154 1523 260 1608 magis
292 1523 500 1608 conveniunt,
532 1544 596 1608 qua
631 1523 687 1606 qui
720 1524 868 1606 utuntur,
908 1521 1165 1588 benivolentiam

155 1611 219 1676 sibi
242 1611 415 1677 conciliant
437 1614 482 1696 et,
510 1609 595 1694 quod
618 1611 823 1695 aptissimum
848 1609 962 1676 estad
986 1609 1210 1695 quietari-15

153 1699 306 1784 rendum,
334 1699 515 1781 caritatem,
542 1699 733 1782 praesertim
756 1721 828 1764 oum
854 1698 984 1764 omnino
1007 1698 1097 1762 nulla
1120 1699 1166 1763 sit

101 1809 135 1858 53
156 1810 253 1854 causa
275 1786 439 1873 percandi.
484 1785 574 1862 Quae
597 1787 682 1851 enim
705 1786 897 1871 cupiditates
916 1809 936 1852 a
952 1789 1069 1852 natura
1090 1808 1165 1870 pro-

154 1877 354 1960 ficiscuntur,
384 1875 480 1940 facile
513 1876 681 1959 explentur
713 1876 782 1940 sine
813 1875 882 1940 ulla
913 1874 1045 1959 iniuria,
1081 1896 1164 1959 quae

154 1967 263 2030 autam
285 1965 397 2029 inanes
421 1967 511 2047 sunt,
532 1964 572 2028 iis
595 1963 772 2048 parendum
789 1966 931 2029 nonest.
966 1961 1059 2028 Nihil
1078 1964 1164 2028 enim

22 2113 23 2116 ,
153 2052 364 2118 desiderabile
387 2051 634 2135 concupiscunt,
659 2053 797 2137 plusque
818 2052 853 2118 in
874 2051 948 2137 ipsa
969 2051 1089 2117 iniuria
1111 2051 1163 2116 de·
1178 2077 1206 2118 ιο

154 2141 298 2206 trimenti
321 2144 371 2205 est
389 2161 486 2224 quam
503 2141 538 2204 in
559 2140 599 2205 iis
618 2141 715 2205 rebus
734 2140 957 2224 emolumenti,
980 2161 1062 2224 quaa
1079 2141 1164 2224 pari-

154 2233 254 2294 untur
267 2229 403 2294 iniuria.
448 2227 561 2312 Itaque
584 2250 625 2293 ne
648 2229 807 2295 iustitiam
830 2228 960 2314 quidem
983 2231 1069 2294 reete
1092 2230 1163 2314 quis

155 2319 273 2382 dixerit
294 2338 352 2402 per
375 2339 409 2382 so
432 2317 539 2401 ipsam
561 2317 752 2401 optabilem,
779 2317 835 2382 sed
858 2318 934 2401 quia
954 2317 1163 2383 iucunditatis

154 2407 206 2472 vel
236 2406 411 2490 plurimum
443 2405 565 2471 afferat
631 2406 718 2472 Nam
755 2405 849 2491 diligi
880 2409 914 2470 et
949 2428 1059 2472 aarum
1095 2428 1163 2472 esse

155 2495 329 2561 iucundum
347 2497 398 2560 est
415 2497 595 2579 propterea,
613 2495 689 2578 quia
706 2494 860 2560 tutiorem
878 2495 980 2561 vitam
999 2499 1032 2561 et
1051 2496 1162 2580 volup·
1176 2523 1203 2561 aa

154 2587 261 2651 tatum
296 2584 476 2669 pleniorem
512 2583 620 2649 efficit.
677 2581 792 2668 Itaque
822 2605 889 2649 nou
920 2583 962 2650 ob
990 2605 1030 2650 ea
1058 2583 1162 2649 solum

155 2671 482 2757 incommoda,„quae
510 2673 664 2738 eveniunt
690 2671 862 2757 improbis,
891 2671 1077 2758 fugiendam
1104 2673 1163 2737 im-

154 2760 352 2844 probitatem
379 2763 545 2845 putamus,
574 2760 629 2826 sed
655 2761 759 2827 multo
788 2761 887 2826 etiam
919 2761 1038 2848 magis,
1070 2761 1190 2845 qu0d‚'

156 2849 245 2914 ouius
262 2852 298 2912 'm
316 2848 424 2913 animo
445 2851 600 2928 versatur,
618 2870 795 2933 numquam
811 2849 892 2914 sinit
905 2871 979 2915 eum
996 2849 1162 2934 respirare,

103 2957 137 3006 54
155 2958 331 3021 numquam
363 2936 572 3021 acquiescere.
628 2935 749 3014 Quodsi
786 2959 827 3003 na
859 2939 1003 3022 ipsarum
1036 2937 1200 3024 quidemao
1266 2987 1267 2993 κ

155 3025 313 3091 virtutum
333 3025 421 3109 laus,
442 3025 477 3091 iu
499 3047 563 3110 qua
585 3025 724 3091 maxime
747 3029 928 3092 ceterorum
954 3026 1161 3111 philosopho·

155 3136 228 3180 rum
250 3113 393 3181 exsultat
410 3113 529 3194 oratio,
551 3114 691 3198 reperire
712 3114 834 3180 exitum
856 3117 979 3200 potest,
1001 3115 1066 3180 nisi
1086 3114 1162 3180 deri·

156 3206 253 3287 gatur
280 3202 321 3267 ad
347 3202 565 3287 voluptatem,
591 3204 741 3287 voluptas
767 3205 877 3273 autem
900 3207 950 3268 est
972 3205 1056 3289 sola,
1083 3225 1161 3289 quae

155 3312 214 3358 uos
240 3293 334 3356 vocet
355 3289 397 3354 ad
420 3313 454 3356 se
477 3294 511 3356 et
533 3291 656 3356 alliciat
679 3293 792 3375 suapte
815 3295 944 3376 natura,
966 3313 1032 3357 non
1057 3296 1161 3378 potest

156 3380 225 3445 osse
253 3378 401 3463 dubium,
429 3379 507 3464 quin
537 3379 572 3443 id
600 3379 644 3445 sit
675 3402 837 3445 summum
865 3383 962 3466 atque
989 3383 1159 3446 extremum
1172 3406 1196 3448 aa

155 3466 315 3533 bonorum
338 3468 496 3551 omnium,
518 3466 676 3554 beateque
697 3469 804 3537 vivere
826 3469 911 3535 nihil
934 3469 1021 3535 aliud
1039 3469 1084 3534 sit
1100 3469 1160 3534 nisi

157 3576 227 3620 oum
249 3556 416 3639 voluptate
438 3557 554 3622 vivere.
