2564 3952
180 231 246 296 370
375 227 673 286 TUSCULANARUM
689 226 995 282 DISPUTATIONUM

179 415 396 476 maereamus,
414 390 469 458 sed
486 395 524 456 ut
541 412 726 474 numquam.
762 387 875 474 Neque
894 391 989 473 enim,
1007 391 1064 474 qui
1085 413 1195 456 rerum

178 487 348 564 naturam,
388 481 445 565 qui
480 480 567 544 vitae
603 479 811 562 varietatem,
850 479 906 562 qui
941 478 1196 544 inbecillitatem

179 567 305 657 generis
336 568 470 635 humani
502 567 642 651 cogitat,
673 570 808 650 maeret,
841 587 914 631 eum
945 565 1025 632 haec
1057 569 1196 652 cogitat,

180 660 236 724 sed
273 663 344 723 tum
379 657 432 722 vel
468 655 607 720 maxime
644 653 824 737 sapientiae
866 655 1014 738 fungitur
1048 677 1194 720 munere.

178 747 359 831 Utrumque
378 745 465 810 enim
484 743 702 826 consequitur,
724 746 813 807 utet
833 743 1069 808 considerandis
1093 745 1218 810 rebuss

179 836 329 901 humanis
357 833 490 916 proprio
521 830 749 915 philosophiae
780 831 906 896 fruatur
938 831 1045 896 officio
1073 836 1108 896 et
1138 832 1193 896 ad·

179 925 280 989 versis
309 923 437 988 casibus
469 918 590 1004 triplici
622 920 843 984 consolatione
876 923 1018 998 sanetur,
1046 921 1192 1003 primunr

179 1012 264 1096 quod
286 1032 383 1094 posse
407 1009 547 1075 accidere
570 1007 625 1072 diu
648 1008 818 1092 cogitavit,
841 1028 924 1092 quae
944 1009 1101 1092 cogitatio
1125 1031 1193 1073 una

178 1101 317 1166 maxime
349 1097 516 1163 molestias
549 1095 654 1161 omnis
686 1100 839 1162 extenuat
870 1100 903 1160 et
934 1096 1042 1180 diluit,
1073 1097 1191 1162 deinde

179 1188 265 1272 quod
299 1187 443 1251 bumana
481 1184 615 1249 tamarae
648 1184 781 1249 ferenda
815 1184 989 1269 intellegit,
1022 1189 1230 1269 postremos

178 1277 265 1361 quod
290 1273 380 1340 videt
406 1273 530 1338 malum
555 1273 681 1337 nullum
708 1294 778 1338 esse
801 1271 866 1336 nisi
890 1275 1032 1358 culpam,
1060 1274 1192 1356 culpam

179 1367 287 1429 autem
317 1362 440 1426 nullam
472 1383 556 1445 esse,
589 1383 677 1429 cum.
693 1361 740 1443 id,
772 1360 858 1445 quod
890 1361 931 1426 ab
963 1361 1095 1426 homine
1123 1385 1192 1426 non

126 1473 160 1524 as
179 1451 323 1538 potuerit
340 1451 514 1536 praestari,
533 1449 683 1515 evenerit
718 1448 805 1514 Nam
822 1450 985 1514 revocatio
1003 1449 1071 1532 illa,
1090 1471 1191 1533 quam

178 1541 296 1624 adfert,
319 1561 392 1605 cum
416 1561 436 1604 a
458 1538 647 1620 contuendis
665 1559 726 1603 nos
747 1537 842 1602 malis
866 1541 994 1621 avocat,
1015 1538 1107 1602 nulla
1130 1542 1190 1624 est.

177 1630 255 1696 Non
285 1632 337 1694 est
367 1628 454 1702 enim
484 1628 519 1691 in
550 1630 664 1692 nostra
698 1629 860 1710 potestate
896 1626 1114 1692 fodicantibus
1146 1627 1189 1690 iis
1204 1653 1228 1691 15

177 1719 287 1800 rebus,
319 1720 401 1802 quas'
430 1715 533 1780 malas
567 1737 637 1780 esse
670 1715 849 1799 opinemur,
887 1714 1105 1780 dissimulatio
1137 1717 1190 1780 vel

179 1806 313 1890 oblivio,
344 1806 500 1888 lacerant,
532 1806 664 1886 vexant,
695 1803 845 1867 stimulos
878 1803 1065 1886 admovent,
1101 1803 1188 1886 ignis

178 1896 346 1976 adhibent,
367 1894 526 1977 respirare
548 1913 615 1957 non
638 1892 758 1956 sinunt.
794 1891 839 1956 Et
861 1896 899 1956 tu
917 1891 1064 1956 oblivisci
1087 1891 1190 1975 iubes,

178 1984 264 2067 quod
287 1986 400 2047 contra
423 1985 575 2046 naturam
602 1984 664 2063 est,
691 1980 759 2063 qui,
786 1981 867 2062 qaod
892 2001 913 2044 a
936 1983 1053 2044 natura
1075 1980 1189 2044 datum

179 2074 241 2154 est,
265 2070 419 2136 auxilium
439 2073 628 2151 extorqueas
646 2069 818 2132 inveterati
838 2067 981 2132 doloris?
1016 2067 1080 2132 Est
1102 2069 1187 2134 enim
1200 2095 1226 2132 ao

177 2159 278 2240 tarda
294 2158 351 2221 illa
374 2156 503 2241 quidem
525 2156 697 2240 medicina,
720 2157 776 2221 sed
798 2160 908 2221 tamen
931 2177 1064 2241 magna,
1089 2178 1186 2240 quam

178 2246 283 2311 adfert
305 2245 527 2330 longinquitas
551 2248 584 2309 et
606 2245 683 2310 dies.
727 2244 824 2309 iubes
847 2267 899 2309 me
925 2244 1012 2310 bona
1034 2245 1187 2329 cogitare,

178 2334 327 2400 oblivisci
349 2334 518 2399 malorum.
553 2331 685 2398 Diceres
704 2333 841 2417 aliquid,
864 2335 897 2396 et
914 2353 1033 2417 magno
1057 2334 1186 2416 quidem

177 2422 372 2508 philosopho
404 2422 550 2508 dignum,
583 2423 611 2486 si
643 2444 682 2486 ea
709 2422 796 2486 bona
822 2441 892 2485 esse
922 2421 1073 2504 sentires,
1105 2442 1186 2505 quae

178 2515 286 2577 essent
308 2511 439 2576 homine
463 2511 661 2596 dignissima.
1200 2535 1225 2576 a
1258 2557 1262 2564 -

126 2579 167 2640 17
245 2599 447 2684 Pythagoras
467 2599 549 2664 mihi
567 2599 595 2662 si
613 2598 734 2663 diceret
758 2602 815 2664 aut
833 2596 981 2663 Socrates
1006 2602 1063 2662 aut
1080 2598 1187 2663 Plato:

125 2656 159 2704 ³⁶
179 2687 278 2764 ‘Quid
300 2688 385 2752 iaces
405 2691 463 2752 aut
484 2687 561 2771 quid
579 2709 702 2752 maeres
721 2692 777 2752 aut
800 2708 856 2751 cur
879 2686 1062 2752 succumbis
1086 2686 1186 2752 cedis·

178 2799 239 2860 que
261 2776 434 2840 fortunae?
463 2797 545 2860 quae
567 2776 747 2858 pervellere
769 2779 803 2838 te
825 2774 966 2839 forsitan
987 2775 1134 2859 potuerit
1156 2780 1187 2838 et

176 2883 332 2949 pungere,
354 2885 420 2928 non
443 2864 550 2948 potuit
573 2867 658 2928 certe
682 2865 767 2929 vires
789 2864 949 2947 frangere.
992 2861 1115 2947 Magna
1137 2863 1186 2927 vis
1266 2873 1267 2878 ’

177 2957 228 3018 est
254 2954 290 3016 in
317 2952 505 3035 virtutibus,
533 2974 587 3017 eas
612 2954 730 3035 excita,
758 2951 786 3015 si
808 2951 892 3015 forte
916 2951 1093 3034 dormiunt,
1121 2951 1186 3015 iam
1199 2976 1223 3016 ao
1266 2973 1267 2983 ¹

67 3104 70 3110 ,
175 3042 239 3106 tibi
267 3041 370 3106 aderit
396 3041 546 3124 princeps
573 3040 746 3124 fortitudo,
777 3061 859 3123 quae
890 3045 924 3103 te
956 3039 1064 3111 animo
1095 3043 1186 3104 tanto

177 3151 246 3195 esse
274 3132 381 3214 coget,
409 3133 446 3193 ut
473 3129 595 3210 omnia,
628 3151 710 3212 quae
740 3128 866 3213 possint
895 3127 1021 3192 homini
1052 3128 1186 3211 evenire,

176 3222 364 3283 contemnas
397 3220 430 3280 et
459 3238 520 3300 pro
552 3216 655 3280 nihilo
688 3221 797 3300 putes3
829 3215 932 3281 aderit
963 3216 1186 3299 temperant-ia,

177 3328 259 3389 quae
288 3309 338 3370 est
365 3305 477 3368 eadem
500 3304 693 3387 moderatio,
723 3327 742 3368 a
765 3327 816 3368 me
840 3305 969 3388 quidem
991 3304 1090 3388 paulo
1113 3308 1185 3368 ante

178 3393 341 3475 appellata
358 3392 538 3475 frugalitas,
556 3414 639 3474 quae
656 3397 690 3456 te
708 3393 848 3476 turpiter
866 3396 899 3456 et
916 3391 1064 3475 nequiter
1081 3392 1185 3456 facere
1197 3415 1221 3456 as

176 3480 260 3543 nihil
288 3479 439 3562 patietur.
488 3478 572 3554 Quid
600 3483 650 3544 est
677 3484 785 3544 autem
811 3481 947 3564 nequius
975 3484 1033 3544 aut
1061 3481 1185 3562 turpius

176 3566 369 3630 ecfeminato
401 3566 492 3630 viro?
545 3564 596 3630 Ne
628 3567 755 3633 iustitia
786 3567 915 3651 quidem
946 3567 1029 3632 sinet
1058 3571 1092 3631 te
1123 3568 1185 3632 ista
