2564 3950
158 199 225 269 358
358 198 656 262 TUSCULANARUM
672 197 976 255 DISPUTATIONUM

159 363 195 428 in
218 362 401 428 Tusculano
431 365 525 428 erant
551 363 725 444 disputata.
774 359 838 426 Sed
864 360 1017 445 quoniam
1045 359 1173 424 duobus

161 451 382 534 superioribus
404 450 444 516 de
462 453 566 514 morte
585 453 618 515 et
637 449 677 514 de
697 449 808 514 dolore
827 448 950 514 dietum
968 452 1032 529 est,
1054 448 1173 512 tertius

125 539 228 604 edica
256 538 485 622 disputationis
512 537 581 612 hoc·
607 537 741 602 tertium
767 537 920 602 volumen
946 536 1072 602 efficiet
1125 535 1174 601 Ut

159 628 245 693 enim
279 629 315 692 in
341 626 550 694 Academiam
579 628 728 692 nostram
759 623 980 690 descendimus
1010 624 1173 690 inclinato

159 716 225 782 iam
252 716 289 780 in
315 715 603 799 posmeridianum
634 717 763 798 tempus
795 713 860 797 die,
891 714 1027 796 poposci
1059 733 1203 778 eorums

161 804 314 888 aliquem,
342 804 398 888 qui
425 802 571 887 aderaut,
603 823 734 868 causam
766 801 952 867 disserendi
1005 799 1089 864 Tum
1120 821 1173 864 res

160 895 233 958 acta
255 893 302 957 sic
325 895 387 957 est:

118 977 142 1042 4
225 980 267 1046 Α.
294 979 459 1046 Videtur
477 979 572 1045 mihi
590 978 725 1046 cadere
746 978 786 1044 in
809 978 1027 1062 sapientem
1045 976 1174 1062 aegri·

159 1069 260 1135 tudo.

225 1163 271 1222 M.
301 1156 389 1222 Num
423 1157 565 1240 reliquae
602 1177 729 1241 quoque
764 1154 1026 1239 perturbationes
1063 1153 1175 1237 animi,
1188 1181 1217 1222 ru

160 1244 362 1328 formidines,
393 1243 560 1328 libidines,
594 1243 801 1310 iracundiae?
858 1242 948 1308 Haec
984 1243 1073 1306 enim
1103 1241 1174 1307 fere

160 1336 236 1398 sunt
267 1333 336 1397 eius
368 1332 469 1416 modi,
503 1353 584 1417 quae
615 1330 733 1398 Graeci
763 1326 858 1414 πάθη
890 1331 1072 1415 appellant3
1110 1349 1174 1415 ego

159 1424 307 1505 poteram
334 1422 502 1504 morbos,
528 1424 562 1486 et
587 1421 621 1486 id
648 1421 782 1486 verbum
809 1423 895 1485 esset
921 1441 938 1483 a
967 1419 1084 1503 verbo,
1116 1418 1175 1483 sed

133 1591 138 1598 ,
159 1510 194 1574 in
213 1509 477 1576 consuetudinem
494 1513 642 1574 nostram
659 1530 725 1574 uon
743 1508 880 1574 caderet
911 1506 996 1573 Nam
1014 1507 1174 1589 misereri,

160 1597 315 1681 invidere,
334 1599 467 1684 gestire,
489 1598 617 1681 laetari,
638 1597 847 1662 haecomnia
869 1594 1034 1663 ‘morbos'
1054 1594 1174 1660 Graeci
1189 1621 1215 1664 rs

160 1686 340 1770 appellant,
372 1690 480 1752 motus
512 1686 611 1752 animi
646 1685 767 1751 rationi
802 1705 868 1751 non
905 1684 1174 1768 obtemperantis,

159 1795 218 1840 nos
246 1778 355 1840 autem
381 1773 442 1840 hos
470 1775 599 1840 eosdem
626 1777 734 1840 motus
762 1773 917 1838 concitati
945 1773 1045 1836 animi
1073 1776 1174 1855 reete,

159 1866 196 1928 ut
214 1863 341 1948 opinor,
364 1862 680 1946 perturbationes
699 1861 887 1944 dixerimus,
909 1861 1041 1926 morbos
1059 1863 1174 1926 autem

159 1972 225 2020 non
248 1951 329 2018 satis
352 1950 485 2034 usitate,
506 1951 570 2016 nisi
592 1951 670 2034 quid
691 1950 779 2016 aliud
800 1949 862 2015 tihi
884 1949 1019 2014 ndebn.

125 2051 141 2102 8
227 2040 270 2106 A.
296 2038 378 2104 Mihi
401 2060 476 2104 vero
499 2038 564 2105 isto
587 2038 691 2104 modo
1187 2063 1213 2105 ao

225 2127 274 2194 M.
297 2125 439 2192 Haecine
461 2126 564 2210 igitur
586 2127 699 2193 cadere
721 2127 757 2192 in
780 2126 961 2210 sapientem
983 2125 1104 2210 putas?

225 2215 267 2280 A„
293 2215 430 2280 Prorsus
453 2213 611 2280 existimo.

225 2309 271 2368 M.
294 2301 345 2368 Ne
372 2302 437 2368 ista
463 2303 607 2389 gloriosa
633 2303 793 2387 sapientia
822 2325 890 2370 non
920 2323 1041 2389 magno
1074 2305 1174 2370 aesti-

159 2391 277 2458 manda
304 2395 366 2475 est,
394 2391 552 2476 siquidem
578 2413 645 2458 non
667 2392 808 2457 multum
834 2391 941 2458 differt
968 2392 1010 2456 ab
1034 2392 1172 2456 insania

225 2485 264 2546 A.
292 2478 398 2556 Quid?
429 2480 492 2546 tibi
523 2481 669 2546 omnisne
703 2480 805 2546 animi
835 2480 1010 2546 commotio
1041 2481 1173 2546 videtur
1186 2505 1213 2547 aa

159 2569 309 2636 insania?

225 2664 272 2724 M.
293 2655 369 2724 Non
391 2657 472 2722 milri
499 2657 627 2743 quidem
649 2655 725 2739 soli,
752 2655 822 2739 sed,
848 2655 881 2720 id
908 2655 994 2740 quod
1017 2655 1173 2721 admirari

161 2767 256 2829 saepe
279 2746 381 2829 soleo,
408 2746 585 2812 maioribus
613 2765 740 2829 quoque
761 2744 882 2809 nostris
909 2744 971 2809 hoc
992 2743 1041 2808 ita
1063 2745 1171 2809 visum

159 2834 315 2918 intellego
343 2834 456 2900 multis
483 2834 620 2900 saeculis
648 2837 724 2898 ante
751 2830 931 2916 Socratem,
959 2853 1065 2915 aquo
1089 2831 1171 2897 haec

160 2923 280 3007 omnis,
307 2943 388 3006 quae
416 2925 466 2988 est
493 2922 533 2988 da
560 2922 628 2987 vita
654 2925 688 2986 et
714 2920 754 2987 de
777 2919 935 3003 moribus,
955 2918 1171 3004 ‘philosophia
1184 2945 1211 2987 so

160 3011 314 3078 manavit.

226 3099 267 3166 A.
295 3099 441 3176 Quonam
463 3098 595 3164 tandem
620 3097 739 3164 modo?

226 3188 274 3254 M.
297 3187 382 3264 Quia
407 3207 526 3252 nomen
551 3187 698 3254 insaniae
726 3186 887 3272 siguificat
916 3183 1035 3250 mentis
1059 3205 1170 3271 aegro·

160 3276 318 3344 tationem
336 3278 369 3340 et
386 3276 536 3342 morbum
556 3277 578 3355 [‚
596 3274 631 3339 id
650 3277 701 3341 est
722 3275 931 3340 insanitatem
948 3276 982 3338 et
999 3278 1171 3359 aegrotum

5 3407 6 3424 r
125 3365 319 3447 sanimum,
345 3383 443 3448 quam
470 3363 678 3447 appellarunt
704 3363 876 3429 insaniam.
921 3361 1035 3427 Omnia
1062 3366 1170 3428 autem
1184 3385 1209 3429 aa

160 3452 419 3536 perturbationes
461 3451 561 3517 animi
600 3452 730 3518 morbos
773 3449 962 3534 philosophi
1003 3450 1170 3535 appellant

159 3544 345 3624 negantque
364 3540 500 3606 stultum
518 3561 711 3625 quemquam
734 3539 787 3604 his
806 3539 928 3605 morbis
946 3559 1070 3619 vacare.
1108 3537 1171 3615 Qui
