2564 3952
132 203 198 267 294
326 201 624 258 TUSCULANARUM
641 199 944 256 DISPUTATIONUM

132 367 216 431 sicut
239 365 414 450 pleraque?
437 387 631 450 quamquam
654 364 716 428 hoc
740 363 868 447 quidem
891 361 1037 448 minime3
1068 383 1143 446 per·

132 454 268 519 suadent
295 456 380 518 enim
408 453 629 519 mathematici
662 457 783 518 terram
814 452 848 516 in
880 451 986 516 medio
1017 449 1142 514 mundo

133 543 228 608 sitam
251 543 291 608 ad
310 543 453 620 universi
472 542 553 606 caeli
572 540 772 625 complexum
791 541 884 624 quasi
904 539 1017 624 puncti
1035 539 1144 602 instar

133 631 289 716 obtinere,
306 631 391 715 quod
408 628 548 715 κέντρον
565 630 615 695 illi
633 634 762 713 vocant3
784 650 857 694 eam
873 650 972 712 porro
989 632 1144 692 naturam

133 741 203 784 esse
226 723 381 804 quattuor
405 719 515 784 omnia
536 719 738 804 gignentium
762 739 945 802 corporum,
967 720 1018 800 ut,
1047 716 1170 800 quasis

132 809 253 892 partita
278 808 421 873 habeant
447 808 532 871 inter
559 829 593 871 se
621 829 658 871 ac
681 805 783 871 divisa
805 809 983 889 momenta,
1011 808 1144 869 terrena

133 900 166 961 et
183 896 293 962 umida
311 902 426 980 suopte
444 899 524 961 nutu
543 897 576 960 et
594 918 652 960 suo
670 894 811 979 pondere
831 894 871 958 ad
894 894 982 978 paris
1005 894 1142 978 angulos

133 985 168 1049 in
194 989 314 1050 terram
338 990 371 1049 et
398 985 431 1048 in
454 1005 542 1049 mare
564 983 724 1063 ferantur,
751 983 892 1067 reliquae
919 983 999 1048 duae
1022 986 1143 1066 partes,

133 1095 197 1138 una
219 1075 330 1157 ignea,
354 1073 457 1137 altera
480 1073 645 1156 animalis,
667 1075 705 1136 ut
725 1072 803 1136 illae
822 1072 1000 1155 superiores
1023 1072 1058 1135 in
1075 1091 1142 1134 rne-

135 1161 224 1225 dium
247 1163 353 1227 locum
376 1162 488 1225 mundi
512 1161 671 1245 gravitate
694 1160 840 1225 ferantur
863 1162 896 1224 et
918 1159 1068 1244 pondere,
1094 1158 1185 1226 siem

133 1250 195 1314 hae
214 1270 341 1314 rursum
360 1246 456 1312 rectis
479 1248 573 1313 lineis
588 1249 626 1312 'in
645 1249 817 1314 caelestem
835 1249 941 1313 locum
961 1247 1143 1330 subvolent,

134 1337 202 1402 sive
233 1338 305 1422 ipsa
335 1340 453 1402 natura
485 1336 652 1420 superiora
684 1338 868 1421 adpetente,
905 1338 973 1402 sive
1005 1335 1090 1420 quod
1123 1357 1143 1400 a

134 1426 338 1510 gravioribus
371 1425 493 1490 leviora
525 1429 641 1490 natura
677 1426 925 1510 repellantur
921 1424 1032 1501 Quae
1068 1445 1141 1488 cum

135 1519 297 1599 constent,
323 1515 528 1600 perspicuum
556 1514 652 1578 debet
675 1536 744 1579 esse
771 1503 925 1598 animos,
938 1535 1010 1578 cum
1034 1534 1051 1576 c
1075 1534 1143 1578 cor-

133 1625 211 1686 pore
234 1604 443 1688 excesserint,
467 1605 533 1668 sive
556 1603 606 1667 illi
629 1604 696 1668 sint
716 1603 886 1686 animales,
909 1601 1015 1666 idtest
1039 1601 1185 1685 spira-15

82 1706 112 1752 41
135 1692 281 1776 biles,
255 1715 322 1757 slve
345 1693 447 1776 ignei,
470 1692 609 1757 sublime
631 1691 717 1756 ferri.
754 1689 788 1755 Si
810 1712 887 1755 vero
911 1693 968 1754 aut
988 1699 1142 1754 nu'merus

96 1781 264 1864 quidam
301 1785 351 1846 est
388 1781 528 1863 animus,
568 1780 655 1864 quod
695 1767 858 1844 subtiliter
901 1779 1005 1863 magis
1045 1799 1142 1880 quam

134 1869 272 1934 dilucide
296 1869 425 1953 dicitur,
454 1873 510 1934 aut
536 1870 649 1953 quinta
676 1868 734 1932 illa
756 1889 823 1932 non
845 1868 1015 1933 nominata
1037 1867 1142 1951 magis

135 1977 232 2040 quam
258 1979 324 2022 nou
352 1958 400 2022 int
386 1921 517 2022 tellecta
544 1961 675 2036 natura,
709 1956 812 2020 multo
841 1957 939 2020 etiarn
965 1955 1144 2040 integriora

135 2067 172 2109 ac
199 2046 331 2127 puriora
359 2049 447 2127 sunt,
474 2048 512 2109 ut
539 2067 558 2109 a
585 2049 672 2110 terra
704 2045 894 2130 longissime
927 2065 961 2108 se
990 2043 1142 2108 ecferant.
1157 2073 1187 2110 ro

134 2131 259 2198 Horum
281 2132 382 2217 igitur
401 2133 522 2216 aliquid
539 2135 582 2197 sit
603 2134 741 2211 animus,
764 2154 804 2198 ne
827 2137 897 2197 tam
914 2136 1029 2217 vegeta
1051 2153 1144 2196 mens

135 2221 228 2284 aut
218 2242 253 2284 ιιι
280 2220 375 2285 corde
403 2222 573 2286 cerebrove
601 2225 658 2286 aut
643 2223 718 2286 tin
740 2221 959 2305 Empedocleo
987 2221 1144 2304 sanguine

136 2309 284 2373 demersa
306 2309 419 2374 iaceat.

84 2394 124 2460 18
202 2397 436 2463 Dicaearchum
455 2420 532 2463 vero
551 2420 624 2463 cum
644 2369 853 2484 Aristoxeno,
872 2398 1000 2482 aequali
1018 2402 1051 2462 et
1068 2419 1143 2462 con·

136 2486 293 2570 discipulo
318 2507 390 2570 suo,
413 2488 524 2552 doctos
549 2509 626 2552 sane
649 2487 811 2567 homines,
834 2487 1035 2572 omittamus3
1065 2508 1143 2570 quo·
1158 2513 1185 2551 ιι

135 2597 206 2638 rum
240 2575 323 2639 alter
352 2597 394 2640 nc
426 2575 627 2640 condoluisse
660 2576 787 2660 quidem
823 2597 976 2659 umquam
1007 2575 1144 2658 videtur,

136 2665 191 2746 qui
210 2664 353 2727 animum
372 2686 405 2728 sc
424 2664 543 2729 habere
561 2687 626 2728 non
646 2665 773 2748 sentiat,
797 2664 880 2728 alter
900 2664 947 2728 ita
966 2663 1164 2727 delectatur

136 2750 202 2814 suis
221 2752 379 2834 cantibus,
398 2756 435 2816 ut
454 2773 507 2816 eos
527 2753 625 2817 etiam
644 2753 684 2816 ad
707 2753 787 2817 haec
805 2752 981 2816 transferre
1001 2755 1143 2816 conetur.

134 2837 339 2903 Harmoniam
357 2843 465 2904 autem
485 2864 523 2905 ex
542 2841 724 2904 intervallis
745 2861 897 2905 sonorum
915 2861 1012 2904 nosse
1029 2859 1143 2922 possu-

135 2949 221 3010 mus,
244 2949 380 3011 quorum
398 2929 490 2993 varia
508 2929 701 3013 compositio
720 2928 819 2992 etiam
837 2928 1023 2992 harmonias
1042 2927 1143 2992 efficit
1158 2953 1185 2992 a>

134 3016 250 3099 pluris3
269 3016 488 3081 membrorum
507 3039 582 3082 vero
598 3017 680 3082 situs
695 3019 729 3080 et
746 3018 851 3101 figura
865 3017 1010 3100 corporis
1024 3037 1142 3081 vacans

136 3104 243 3169 animo
275 3127 371 3188 quam
403 3105 509 3189 possit
540 3104 744 3171 harmoniam
777 3105 915 3188 efficere,
946 3125 1012 3169 non
1041 3103 1144 3168 video.

136 3189 199 3256 Sed
221 3192 275 3256 hic
298 3193 439 3277 quidem,
463 3194 607 3277 quamvis
629 3193 774 3258 eruditus
793 3194 851 3275 sit,
875 3192 959 3256 sicut
974 3189 1040 3276 est,
1063 3192 1144 3256 hacc

135 3281 292 3363 magistro
312 3281 467 3345 concedat
482 3281 663 3363 Aristoteli,
681 3303 794 3346 canere
812 3281 882 3364 ipse
901 3279 1022 3345 doceat.
1054 3279 1143 3346 Bene

136 3366 223 3430 enim
246 3367 302 3432 illo
326 3365 521 3432 Graecorum
543 3369 714 3450 proverbio
737 3368 947 3452 praecipitur:
1158 3393 1184 3434 ss

136 3537 253 3612 Quam
276 3540 436 3625 quisque
455 3542 560 3607 norit
579 3545 712 3627 artem,
735 3544 774 3607 in
796 3543 865 3608 hac
895 3527 933 3609 sc
957 3545 1143 3608 exerceat.
