2568 3948
378 176 446 232 um.
464 177 512 232 rv.
540 175 619 232 cre,
637 182 665 245 r,
684 182 709 232 e.
737 135 892 242 §re-eo.
953 181 954 184 ‘
1074 177 1139 242 209

16 226 22 417 l
130 337 450 421 animadvertensque
478 337 513 402 in
537 338 685 402 omnibus
709 339 819 421 rebus,
846 361 926 422 quas
950 343 1061 424 ageret
1084 343 1140 404 aut

15 495 16 508 ,
129 426 265 508 diceret,
288 429 325 488 ut
343 447 383 490 ne
402 425 477 509 quid
497 426 538 490 ab
559 447 596 490 eo
615 424 707 489 fieret
724 427 788 490 nisi
806 426 941 491 honeste
962 448 999 491 ac
1017 428 1139 507 decore,

14 531 15 580 l
129 513 181 576 his
205 513 308 578 initiis
335 518 375 596 et,
402 517 537 578 utente
561 511 640 590 dixi,
671 514 848 578 seminibus
872 518 1030 578 enatura
1054 515 1138 579 datis

128 601 360 684 temperantia,
378 599 551 684 modestia,
574 599 700 666 iustitia
718 607 751 665 et
770 602 876 666 omnis
894 601 1049 667 honestas
1068 623 1139 686 per·-

102 687 213 753 sfeote
237 687 388 753 absoluta
411 692 468 752 est.
1116 697 1118 702 '

12 762 15 816 ³¹
195 775 320 861 Habes,
348 776 493 860 inquam,
521 773 617 860 Cato,
643 775 783 841 formam
807 798 931 861 eorum,
958 777 998 841 de
1021 758 1192 882 quibus189

12 817 16 912 l
127 866 253 947 loquor,
270 863 547 948 philosophorum.
575 863 646 940 Qua
667 864 815 947 exposita
834 865 915 930 scire
934 865 1036 949 cupio,
1056 886 1137 948 quae

11 937 15 1074 Α
129 973 227 1016 causa
250 953 306 1035 sit,
336 973 391 1016 cur
414 949 500 1016 Zeno
524 951 565 1016 ab
588 952 650 1016 hac
674 951 808 1036 antiqua
831 953 1063 1028 constitutione
1086 953 1138 1016 de·

129 1040 273 1123 sciverit,
306 1039 459 1123 quidnam
490 1038 607 1103 horum
640 1039 681 1104 ab
712 1060 749 1104 eo
777 1061 843 1105 non
876 1039 920 1105 sit
950 1041 1137 1124 probatum3

88 1155 114 1194 ιο
128 1128 255 1212 quodne
283 1148 413 1200 omnem
439 1129 591 1192 naturam
619 1129 886 1192 conservatricem
909 1129 960 1192 sui
990 1129 1138 1206 dixerint,

129 1238 172 1280 an
199 1215 285 1299 quod
313 1237 407 1280 omne
436 1215 558 1278 animal
583 1215 691 1299 ipsmn
714 1215 777 1280 sibi
802 1215 1072 1299 commendatum,
1101 1219 1139 1280 ut

129 1325 163 1368 se
187 1303 313 1368 salvum
335 1303 370 1366 in
394 1325 451 1368 suo
475 1323 592 1387 genere
610 1302 834 1386 incolumeque
853 1304 962 1387 vellet,
987 1326 1028 1368 an
1050 1305 1138 1386 quod,

129 1413 201 1457 cum
243 1391 387 1456 omnium
425 1392 544 1455 artium
580 1389 653 1455 finis
689 1391 717 1455 is
755 1394 852 1474 esset,
890 1413 985 1475 quern
1021 1395 1138 1456 natura

87 1511 93 1518 ’
128 1479 270 1544 maxime
293 1481 476 1563 quaereret,
497 1477 583 1542 idem
606 1478 707 1547 statui
734 1478 849 1542 debere
878 1479 917 1542 de
944 1479 1044 1544 totius
1068 1482 1138 1543 arte

10 1631 11 1650 ,
88 1567 228 1649 levitae,
255 1589 297 1630 an
324 1565 423 1650 quod,
451 1588 524 1631 cum
554 1587 593 1630 ex
620 1567 729 1631 animo
758 1571 981 1631 constaremus
1010 1570 1042 1630 et
1071 1588 1138 1631 cor·

10 1657 11 1660 ’
127 1677 221 1739 pore,
249 1654 385 1719 ethaeo
407 1653 481 1738 ipsa
503 1657 536 1718 et
559 1674 669 1718 eorum
693 1654 829 1718 virtutes
853 1675 911 1738 per
935 1676 969 1718 se
992 1675 1063 1718 esse
1087 1676 1138 1718 su·

99 1811 103 1818 ,
127 1743 276 1828 mendas3
301 1764 343 1806 an
360 1763 437 1806 vero
456 1741 621 1825 displicuit
639 1763 690 1820 ea,
714 1762 795 1825 quae
817 1742 942 1806 tributa
964 1745 1014 1806 est
1037 1741 1137 1806 animi

128 1831 302 1895 virtutibus
330 1833 424 1894 tanta
452 1828 676 1912 praestantia?
705 1851 761 1912 an,
789 1851 869 1913 quae
898 1829 936 1894 de
959 1829 1138 1912 prudentia,

129 1917 167 1984 de
192 1918 376 2003 cognitione
399 1937 521 2001 rerum,
544 1917 583 1982 de
606 1916 830 1982 coniunctione
850 1917 977 2001 generis
995 1918 1138 2000 humani,

87 2027 273 2091 aquaeque
302 2006 343 2070 ab
374 2003 477 2069 isdem
505 2005 544 2069 de
576 2005 804 2088 temperantia,
832 2005 870 2070 de
900 2005 1070 2088 modestia,
1099 2005 1137 2069 de

128 2094 352 2180 magnitudine
394 2093 511 2175 animi,
553 2092 591 2158 de
628 2094 716 2158 omni
756 2094 926 2159 honestate
966 2091 1137 2158 dicuntur?

126 2183 330 2248 Fatebuntur
362 2179 462 2246 Stoici
493 2181 572 2245 haec
604 2181 714 2246 omnia
745 2181 833 2247 dicta
863 2202 933 2246 esse
964 2182 1137 2264 praeclare,

126 2291 233 2355 neque
258 2292 330 2334 eam
357 2290 487 2334 causam
515 2267 636 2333 Zenoni
668 2269 864 2334 desciscendi
895 2268 1005 2334 fuisse.
1058 2269 1136 2332 Alia
1155 2288 1190 2337 20

128 2358 287 2442 quaedam
300 2357 418 2441 dicent,
433 2356 537 2434 credo,
555 2377 675 2440 magna
689 2357 896 2440 antiquorum
911 2378 981 2421 esse
995 2361 1137 2440 peccata,

88 2471 114 2512 es
128 2468 210 2530 quae
237 2446 292 2509 ille
320 2445 389 2510 veri
415 2443 632 2528 investigandi
659 2444 794 2526 cupidus
816 2444 905 2509 nullo
930 2443 1025 2508 modo
1053 2444 1137 2507 ferre

128 2534 280 2618 potuerit
331 2530 415 2609 Quid
444 2533 529 2597 enim
556 2531 750 2615 perversius,
782 2531 857 2614 quid
889 2531 1137 2614 intolerabilius,

130 2622 206 2705 quid
225 2621 354 2685 stultius
373 2642 471 2704 quam
489 2621 607 2685 bonam
626 2618 853 2701 valetudinem,
874 2639 971 2702 quam
989 2619 1137 2683 dolorum

129 2710 273 2774 omnium
290 2708 500 2792 vacuitatem,
523 2729 619 2790 quam
637 2705 859 2791 integritatem
878 2707 1043 2792 oculorum
1064 2708 1136 2770 reli-

128 2818 327 2880 quorumque
360 2817 511 2860 sensuum
543 2816 662 2879 ponere
694 2794 728 2859 in
759 2795 852 2860 bonis
885 2795 1007 2879 potius,
1039 2817 1135 2878 quam

88 2885 273 2952 adicerent
298 2883 382 2948 nihil
406 2883 537 2949 omnino
565 2883 651 2947 inter
674 2904 729 2947 eas
751 2904 803 2947 res
831 2882 933 2966 iisque
957 2883 1136 2948 contrarias

127 2971 307 3038 interesse?
340 2993 378 3035 ea
410 2971 495 3035 enim
527 2970 649 3055 omnia,
685 2970 739 3054 qui
775 2970 826 3034 illi
862 2971 949 3036 bona
985 2971 1137 3052 dicerent,

127 3061 316 3144 praeposita
339 3080 423 3142 esse,
445 3078 511 3123 non
533 3057 633 3141 bona,
656 3058 796 3142 itemque
814 3058 884 3142 illa,
907 3080 989 3143 quae
1012 3059 1046 3123 in
1069 3080 1136 3123 cor·

126 3169 205 3234 pore
233 3147 441 3230 excellerent,
468 3145 569 3210 stulte
595 3146 745 3229 antiquos
774 3146 890 3211 dixisse
918 3167 976 3228 per
1003 3167 1037 3211 se
1066 3167 1135 3210 esse

127 3235 317 3319 expetenda,
341 3233 497 3299 sumenda
519 3233 627 3317 potius
650 3256 747 3318 quam
770 3234 961 3318 expetenda,
988 3255 1025 3299 ea
1049 3232 1135 3298 deni·

87 3349 114 3389 aa
127 3345 189 3407 que
213 3323 301 3388 omni
324 3323 405 3406 vita,
428 3322 567 3406 quaein
589 3321 708 3386 virtute
732 3343 796 3386 una
818 3322 1022 3406 consisteret,
1045 3320 1136 3386 illam

126 3412 242 3494 vitam,
273 3431 353 3494 quae
381 3410 479 3475 ctiam
507 3409 622 3474 ceteris
648 3408 759 3492 rebus,
787 3431 868 3493 quae
887 3412 1002 3475 essent
1025 3431 1136 3474 secun·

127 3499 202 3564 dum
220 3502 385 3581 naturam,
409 3498 595 3582 abundaret,
618 3497 722 3582 magis
742 3497 952 3581 expetendam
971 3519 1038 3563 non
1057 3519 1137 3578 esse,

179 3610 234 3654 oro.
248 3611 288 3652 1v.
307 3614 326 3652 1.
942 3607 974 3654 14
