2574 3956
169 209 237 263 LIB.
258 208 279 262 Ι.
308 208 383 263 CAP.
404 215 451 277 20,
471 214 514 265 21.
542 213 697 274 §cs—72.
725 209 792 263 LIB.
811 210 845 263 II.
864 207 1002 265 ARGUM.
1043 208 1106 272 119

89 371 305 455 tranquillae,
324 372 461 456 quietae,
479 371 594 436 beatae
612 371 697 436 vitae
717 370 907 436 deduceret?
944 370 1007 447 Qui
1026 369 1110 452 quod

21 515 25 527 .
91 459 160 524 tibi
179 481 295 543 parum
313 459 440 524 videtur
458 459 610 542 eruditus,
634 481 671 524 ea
690 481 787 524 causa
808 463 865 542 est,
884 458 968 542 quod
985 458 1111 522 nullam

93 546 313 612 eruditionem
342 569 410 612 esse
438 548 542 629 duxit,
568 547 633 612 nisi
660 568 741 631 quae
768 547 883 611 beatae
906 547 993 612 vitae
1016 545 1110 610 disci-

92 635 221 718 plinam
248 636 382 701 iuvaret.
432 636 485 700 An
512 636 568 700 illo
595 641 723 719 tempus
752 639 810 700 aut
838 635 1000 719 inpolitis
1023 633 1162 702 evol-‘12

20 779 21 782 ,
66 723 225 806 suendis,
247 725 285 787 ut
308 745 368 808 ego
392 728 425 788 et
447 723 590 788 Triarius
614 727 647 788 te
671 724 836 789 hortatore
860 723 1009 804 facimus,
1037 742 1110 786 con-

19 817 21 860 l
94 815 254 896 sumeret,
290 812 325 876 in
361 813 475 898 quibus
511 812 602 877 nulla
639 812 741 878 solida
778 812 905 876 utilitas
943 811 1109 893 omnisque

93 900 234 982 puerilis
262 904 312 965 est
338 901 524 984 delectatio,
552 903 609 964 aut
636 923 684 983 se,
711 904 748 965 ut
774 901 881 984 Plato,
912 901 946 964 in
970 897 1110 976 musicis,

96 989 292 1072 geometria,
314 990 472 1071 numeris,
495 989 592 1053 astris
611 993 805 1072 contereret,
829 1009 910 1073 quae
929 992 962 1052 et
980 1009 1001 1051 a
1018 986 1110 1050 falsis

95 1077 201 1141 initiis
229 1077 377 1160 profecta
403 1099 481 1142 vera
508 1099 577 1142 esse
604 1098 670 1141 non
695 1081 832 1160 possunt
864 1080 909 1160 et,
943 1077 971 1141 si
1003 1078 1111 1139 essent

18 1249 19 1252 Ἴ
56 1192 81 1230 10
96 1185 189 1248 vera,
212 1165 295 1229 nihil
320 1166 482 1244 afferrent,
502 1187 564 1249 quo
588 1165 769 1250 iucundius,
790 1165 824 1230 id
843 1168 893 1230 est
911 1186 974 1249 quo
994 1163 1110 1227 melius

18 1315 20 1322 .
96 1253 290 1336 viveremus,
308 1275 362 1318 eas
382 1274 459 1338 ergo
478 1258 564 1318 artes
582 1258 836 1338 persequeretur,
859 1253 987 1318 vivendi
1006 1255 1110 1317 artem

96 1345 226 1406 tentam
249 1346 379 1425 tamque
403 1364 573 1426 operosam
596 1346 628 1406 et
649 1343 781 1425 perinde
800 1342 999 1407 fructuosam
1017 1340 1112 1404 relin-

98 1429 236 1513 queret?
271 1429 348 1495 Non
366 1451 443 1515 ergo
462 1430 622 1515 Epicurus
640 1431 835 1513 ineruditae,
859 1430 914 1494 sed
937 1431 961 1494 ii
978 1429 1111 1510 indocti,
1193 1450 1196 1460 ·

98 1518 168 1600 qui,
197 1540 278 1602 quae
305 1540 421 1601 pueros
449 1540 516 1583 non
543 1519 692 1583 didicisse
707 1522 812 1603 ¹turpe
841 1521 902 1602 est,
934 1540 971 1582 ea
994 1521 1112 1600 putant
1191 1569 1194 1574 .
1230 1599 1232 1602 Ι

17 1687 18 1692 ¹
58 1633 84 1671 15
99 1627 201 1689 usque
220 1605 261 1670 ad
280 1609 478 1671 senectuteffl
502 1629 572 1672 esse
591 1607 751 1671 discenda.
779 1606 867 1683 Quae
881 1627 954 1671 cum
968 1605 1112 1682 dixisset,
1202 1615 1206 1622 ‘

17 1699 18 1774 l
99 1693 283 1777 Explicavi,
315 1695 434 1779 inquit,
467 1695 660 1759 sententiam
692 1716 810 1778 meam,
843 1697 875 1758 et
908 1715 945 1758 eo
983 1693 1111 1776 quidem

17 1781 18 1788 ’
101 1782 251 1865 eonsili0,
281 1787 374 1847 tuum
404 1782 559 1847 iudicium
591 1788 629 1848 ut
655 1803 895 1868 cognoscerem,
923 1801 1004 1864 quae
1032 1780 1113 1843 mihi

100 1870 250 1953 facultas,
267 1874 305 1935 ut
322 1871 356 1935 id
374 1893 445 1936 meo
465 1872 623 1936 arbitratu
642 1871 790 1950 facerem,
809 1874 884 1935 ante
903 1868 965 1933 hoc
984 1873 1112 1950 tempus

101 1980 277 2044 numquam
302 1963 351 2023 est
373 1959 459 2024 data.

503 2156 715 2164 Ἤ

351 2324 399 2396 Μ.
429 2323 589 2396 TULLII
617 2321 865 2397 CICERONIS

105 2481 175 2564 DE
211 2479 422 2566 EINIBUS
459 2480 716 2565 BONORUM
751 2478 818 2560 ET
852 2476 1113 2564 MALORUM

497 2629 547 2682 AD
565 2626 720 2682 BRUTUM

422 2759 544 2819 erana
571 2756 786 2818 suouuous.
825 2833 834 2852 ·

425 2971 778 3084 ‘ARGUMENTUE

176 3143 208 3195 In
229 3141 284 3196 hoc
307 3140 378 3195 libro
401 3139 517 3209 Epicuri
539 3139 653 3193 decreta
676 3155 693 3193 a
716 3137 848 3193 Cicerone
873 3138 1116 3208 reprehenduntur

108 3213 137 3266 et
161 3213 330 3279 refutantur,
358 3211 406 3280 qui
427 3210 509 3264 initio
531 3227 589 3265 non
612 3211 749 3278 perpetua
779 3209 906 3264 oratione
934 3209 1033 3275 utitur,
1066 3210 1116 3262 sed

110 3283 214 3337 mavult
235 3283 265 3337 in
288 3280 404 3350 singulis
426 3281 558 3335 insistens
581 3280 754 3348 Torquatum
776 3279 950 3350 interrogare
973 3282 1002 3334 et
1020 3278 1115 3347 exiis,

111 3353 224 3420 quaeis
250 3352 429 3418 concesserit,
453 3353 617 3421 argumenta
640 3350 804 3405 concludere
829 3352 900 3420 (cap.
922 3353 955 3418 1).
991 3347 1116 3402 Primum

110 3424 192 3493 igitur
210 3423 362 3492 Epicurum
380 3422 410 3476 in
422 3421 484 3491 ipsa
501 3421 531 3476 vi
549 3423 577 3475 et
594 3422 695 3475 natura
712 3421 866 3490 voluptatis
885 3419 1080 3475 constituenda
1098 3436 1116 3475 a

16 3549 22 3557 ,,
110 3510 138 3548 se
156 3492 291 3548 dissidere
310 3492 435 3547 ostendIt
451 3492 575 3547 breviter
593 3491 710 3545 subinde
726 3492 868 3560 Torquato
887 3491 923 3545 ad
942 3491 1115 3560 interrogata

109 3564 303 3634 respondente3
321 3565 383 3617 tum
397 3562 471 3617 enim
486 3579 549 3617 eam
562 3562 737 3631 voluptatem
750 3561 902 3632 Epicurum
916 3560 1022 3631 dicere,
1044 3577 1115 3630 quae
