2544 3952
345 222 413 277 ms.
432 223 479 276 1n.
508 223 584 278 cnr.
604 229 651 294 2⁷,
670 231 713 280 as.
741 231 756 291 s
776 232 898 284 ca-ro.
1064 220 1128 294 383

114 386 240 470 suscipi
264 385 500 471 aegritudinem
518 387 734 452 confitendum
757 393 816 454 est.
852 389 952 474 quue
970 391 1129 457 indicatur
1148 389 1192 464 er*

114 494 229 540 eorum
256 475 429 558 patientia,
456 475 510 558 qui
538 497 611 539 cum
634 476 736 540 multa
759 478 826 541 sint
851 499 946 561 saepe
975 482 1129 565 perpessi,

113 563 246 628 facilius
260 563 378 646 ferunt,
396 561 549 647 quicquid
563 563 687 642 accidit,
706 565 958 650 obduruisseque
976 569 1041 632 iam
1059 590 1129 634 sese

4 715 6 718 .
114 655 233 716 contra
255 651 421 716 fortunam
446 651 660 736 arbitrantur,
682 656 719 716 ut
741 653 797 718 illc
821 655 906 737 apud
927 655 1129 740 Euripidem:

4 797 5 834 ς
84 799 98 839 a
163 773 202 839 Si
225 773 321 838 mihi
340 795 441 838 nunc
463 774 594 840 tristis
618 773 780 858 primum
803 775 1011 842 inluxisse't
1034 779 1129 864 dies,

160 861 341 926 Nectum
365 865 594 928 aerumnoso
618 864 906 948 navigavissem
931 867 1027 951 salo,

160 949 277 1014 Esse't
300 950 456 1016 dolendi
479 955 607 1034 carisa,
633 955 674 1015 ut
695 952 840 1018 iniecto
864 954 987 1018 eculei

159 1037 284 1104 Frend
308 1043 466 1122 repente
489 1041 598 1103 tactu
622 1041 872 1124 exagitantur
896 1064 1007 1127 novo,

162 1124 236 1190 Sed
258 1127 335 1191 iam
359 1128 543 1192 subactus
567 1125 736 1192 miseriis
761 1130 950 1213 obtorpui.

71 1295 99 1336 ιο
113 1265 316 1353 Defetigatio
340 1268 440 1352 igitur
463 1269 666 1334 miseriarum
690 1271 909 1355 aegritudines
932 1293 1004 1338 cum
1030 1273 1129 1340 faciat

113 1356 268 1438 leniores,
294 1357 440 1442 intellegi
462 1378 594 1422 necesse
617 1361 668 1422 est
689 1380 756 1423 non
777 1381 846 1423 rem
868 1361 973 1442 ipsam
997 1382 1128 1426 causam

115 1448 214 1528 atque
244 1443 371 1510 fontem
403 1467 473 1510 esse
500 1447 664 1512 maeroris.
709 1446 900 1532 Philosophi
928 1451 1047 1513 summi
1074 1473 1126 1514 ne·
1146 1472 1180 1520 68

114 1531 389 1616 quedumltamen
407 1534 602 1617 sapientiam
622 1535 787 1600 consecuti
804 1527 910 1600 nonde
932 1537 1127 1621 intellegunt

113 1621 149 1685 in
168 1643 294 1685 summo
313 1643 348 1685 se
365 1622 451 1687 malo
471 1622 563 1686 esse?
600 1621 682 1688 Sunt
700 1623 785 1687 enim
803 1623 1007 1707 insipientes,
1025 1647 1127 1710 neque

73 1736 100 1776 15
114 1709 313 1793 insipientia·
340 1710 444 1776 ullum
478 1711 583 1776 maius
619 1711 742 1775 malum
779 1716 841 1794 est3
877 1734 981 1796 neque
1017 1717 1127 1778 tamen

112 1797 236 1882 lugent.
283 1797 368 1874 Quid
400 1799 469 1863 ita?
515 1798 597 1875 Quia
629 1799 703 1863 huic
731 1800 839 1883 generi
870 1801 1030 1866 malorum
1061 1825 1127 1867 non

115 1884 291 1970 adfingitur
319 1887 378 1950 illa
406 1887 529 1971 opinio,
555 1890 679 1952 rectum
706 1909 776 1952 esse
804 1892 837 1952 et
864 1910 1000 1972 aequum
1031 1894 1063 1954 et
1087 1891 1126 1955 ad

114 1973 258 2038 officium
286 1975 448 2058 pertinere
473 1996 568 2060 aegre
589 1975 687 2060 ferre,
715 1975 800 2060 quod
831 1978 960 2060 sapiens
982 2000 1050 2043 non
1072 1979 1126 2058 sis,

115 2060 202 2146 quod
224 2061 310 2126 idem
334 2063 527 2148 adfingimus
550 2064 625 2128 huic
645 2064 854 2150 aegritudini,
877 2065 911 2129 in
935 2088 998 2150 qua
1019 2066 1126 2130 luctus

4 2143 5 2190 ³
74 2149 215 2234 mineat,
238 2173 320 2235 quae
344 2152 488 2216 omnium
511 2174 663 2216 maxuma
693 2156 751 2217 est.
795 2151 909 2238 Itaque
931 2153 1126 2220 Aristoteles
1146 2177 1179 2224 aa

114 2241 239 2303 veteres
257 2239 470 2323 philosophos
492 2262 659 2326 accusans,
681 2241 737 2324 qui
760 2242 1033 2307 existimavissent
1055 2243 1126 2326 phi·

113 2325 298 2409 losophiam
327 2326 394 2392 suis
421 2328 560 2412 ingeniis
588 2351 658 2393 esse
686 2329 873 2413 perfectam,
906 2331 952 2394 ait
983 2353 1039 2396 eos
1071 2337 1127 2396 aut

116 2415 328 2480 stultissimos
356 2419 413 2480 aut
440 2416 694 2499 gloriosissimos
722 2416 834 2501 fuissc3
864 2418 919 2482 sed
947 2440 980 2482 se
1009 2419 1127 2501 videre,

116 2503 201 2587 quod
228 2504 341 2586 paucis
366 2505 459 2568 annis
486 2525 605 2590 magna
628 2505 768 2570 accessio
796 2505 885 2568 facta
908 2510 1006 2590 esset,
1035 2507 1127 2571 brevi

76 2595 261 2674 zatempore
287 2591 529 2675 philosophiam
555 2593 651 2676 plane
679 2592 864 2657 absolutam
894 2592 974 2658 fore.
1024 2594 1127 2658 Theo-

114 2679 266 2762 phrastus
299 2683 408 2744 autem
440 2681 582 2744 moriens
615 2702 781 2746 accusasse
816 2684 968 2745 naturam
1001 2682 1126 2762 dicitur,

116 2767 201 2850 quod
228 2768 332 2832 cervis
360 2771 393 2832 et
421 2769 603 2834 cornicibus
631 2770 731 2833 vitam
761 2769 960 2851 diuturnam,
990 2793 1127 2856 quorum

115 2855 147 2918 id
169 2855 254 2920 nihil
276 2856 460 2941 interesset,
482 2857 682 2941 hominibuS,
706 2879 843 2941 quorum
866 2859 1005 2923 maxime
1027 2861 1126 2924 inter-

115 2943 242 3027 fuisset,
265 2947 334 3008 tam
353 2945 502 3030 exiguam
521 2946 623 3010 vitam
646 2946 800 3028 dedisset,
823 2968 961 3030 quorum
984 2947 1013 3010 si
1036 2952 1126 3010 aetas

77 3057 103 3098 ao
116 3033 276 3114 potuisset
298 3055 368 3098 esse
392 3033 613 3118 longinquior,
635 3034 780 3098 futurum
802 3033 903 3098 fuisse
921 3029 959 3098 ut
977 3035 1125 3099 omnibus

115 3119 266 3203 perfectis
291 3120 415 3185 artibus
438 3121 527 3186 omni
545 3122 692 3186 doctrina
714 3122 882 3186 hominum
901 3122 970 3186 rita
989 3123 1127 3187 erudire·

115 3211 175 3272 tur.
221 3207 424 3283 Querebatur
450 3210 551 3293 igitur
574 3231 608 3274 se
635 3213 718 3290 tum,
747 3232 820 3275 cum
846 3209 906 3274 illa
927 3210 1035 3274 videre
1058 3231 1127 3275 coe-

115 3296 229 3380 pisset,
257 3296 413 3381 extingui.
457 3295 563 3372 Quid?
592 3320 631 3362 ex
653 3299 777 3363 ceteris
791 3297 995 3382 philosophis
1018 3320 1126 3362 norme

116 3388 265 3467 optumus
294 3388 326 3448 et
354 3386 575 3470 gravissumus
605 3388 739 3471 quisque
763 3387 936 3452 confitetur
963 3386 1068 3450 multa
1092 3407 1127 3450 se

78 3497 103 3538 ss
115 3473 274 3557 ignorare,
289 3477 321 3538 ct
335 3474 439 3537 multa
453 3473 516 3538 sibi
532 3475 631 3538 ctiam
645 3483 742 3560 atque
756 3475 852 3538 etiam
868 3495 937 3538 esse
951 3473 1125 3538 discenda?

114 3582 215 3646 neque
239 3565 364 3646 tamen,
388 3583 459 3627 oum
480 3584 514 3626 se
535 3563 571 3626 in
589 3563 695 3628 media
719 3562 871 3646 stultitia,
894 3583 958 3646 qua
975 3563 1058 3627 nihil
1077 3565 1127 3626 est
1146 3583 1179 3631 το
