2564 3952
340 207 414 261 ma:
427 207 461 261 11.
489 206 566 262 CAP.
587 214 707 264 mmm.
735 215 752 274 ἕ
769 213 890 264 45-50.
1055 207 1120 274 347

8 403 13 438 ,ι
105 373 259 434 coerceat
289 370 514 434 temeritatem.
568 369 631 434 asc
662 371 697 434 in
729 371 845 434 animis
879 371 1023 436 omnium
1054 370 1121 436 fere

106 462 231 522 natura
246 458 350 550 ⁸molle
373 458 538 541 quiddam,
562 459 750 539 demissum,
772 457 908 542 humile,
933 462 1120 524 enervatum

8 607 9 610 ,
108 545 253 628 quodam
281 541 377 612 mbdo
413 549 445 610 et
476 546 672 633 languidum.
727 544 761 612 si
784 546 876 611 -nihil
909 550 994 611 esset
1026 546 1120 630 aliud,

105 633 195 697 nihil
218 638 303 697 esset
324 632 454 698 homine
478 634 666 716 deformium
690 633 746 699 sed
768 638 897 720 praesto
917 639 967 700 est
989 635 1120 699 domina

75 722 257 788 somnium
286 725 318 785 et
344 722 456 806 regina
483 723 581 806 ratio,
608 745 690 807 quae
713 722 828 786 conixa
854 745 912 806 per
935 743 969 787 se
992 727 1024 786 et
1047 745 1119 805 pro-

107 810 1120 983 artarerlietberti..,tralaticia
1184 863 1188 867 ’

8 1007 10 1044 l
82 986 190 1050 uiro.
245 985 411 1062 ‘Quonam
442 985 576 1052 modol'
608 987 742 1071 inquies
798 985 934 1052 Velut
968 987 1117 1052 dominus
1136 996 1170 1045 48

109 1095 204 1138 ser-vo
228 1075 279 1138 rel
301 1077 340 1138 ut
360 1074 537 1158 imperator
565 1074 664 1140 militi
688 1075 739 1139 rel
761 1079 798 1140 ut
825 1097 939 1159 parens
962 1075 1039 1142 filio.
1085 1072 1120 1139 Si

8 1179 11 1278 q
65 1188 93 1228 10
107 1162 298 1246 turpissime
324 1183 358 1226 ee
386 1162 444 1227 illa
471 1185 547 1246 pars
575 1163 676 1228 animi
704 1169 806 1248 geret,
833 1185 930 1247 quarn
956 1162 1021 1228 dixi
1048 1184 1118 1228 esse

107 1251 257 1333 mollem,
279 1251 308 1314 si
331 1271 366 1314 se
387 1251 540 1316 lamentis
561 1251 762 1316 muliebriter
790 1252 994 1336 lacrimisque
1016 1251 1119 1331 dedet,

8 1345 10 1474 q
108 1339 272 1404 vinciatur
295 1342 328 1402 et
346 1339 587 1424 constringatur
606 1340 782 1405 amicorum
802 1340 1118 1424 propinquorumque

8 1477 10 1514 Ξ
108 1426 277 1511 custodiis3
310 1448 405 1510 saepe
442 1428 526 1492 enim
563 1427 707 1498 videmus
738 1427 858 1494 fractos
893 1428 1028 1510 pudore,
1064 1429 1118 1511 qui

108 1517 238 1580 ratione
265 1515 355 1582 nulla
382 1515 592 1580 vincerentur.
619 1516 732 1601 ‘Ergo
764 1516 825 1580 bos
851 1515 980 1600 quidem
1006 1518 1043 1579 ut
1071 1515 1119 1578 fa·

69 1627 94 1667 15
109 1604 216 1668 mulos
239 1603 355 1668 vinclis
378 1625 479 1688 prope
504 1607 600 1688 atque
623 1604 782 1687 custodia,
809 1604 865 1687 qui
882 1607 1000 1668 'autem
1025 1607 1119 1668 erant

8 1689 10 1754 4
109 1691 269 1756 firmiores
291 1712 351 1756 nec
373 1696 482 1756 tamen
505 1692 736 1776 robustissimi,
758 1691 819 1756 hos
838 1690 1003 1756 admonitu
1025 1711 1117 1774 opor-

108 1780 193 1844 tebit
224 1783 261 1844 ut
299 1779 402 1844 bonos
438 1780 558 1856 milites
590 1784 758 1846 revocatos
798 1779 991 1864 dignitatem
1027 1779 1119 1844 tueri.

8 1893 10 1904 ¹
108 1862 185 1933 Non
215 1868 313 1933 nimis
344 1867 380 1932 in
414 1867 541 1951 Niptris
578 1868 634 1932 ille
672 1868 943 1952 sapientissimus
964 1865 1119 1932 Graeciae

110 1957 238 2021 saucius
261 1957 458 2021 lamentatur
480 1957 532 2022 rel
554 1956 678 2022 modice
701 1956 822 2040 potius:

70 2106 96 2145 a
175 2079 475 2164 Pedete'mptim,
497 2080 616 2164 inquit,
639 2083 675 2144 et
698 2079 830 2144 sedato
853 2079 953 2163 nisu,

175 2166 230 2232 Ne
254 2172 438 2233 succussu
462 2168 628 2251 arripiat
650 2169 772 2233 maior

175 2255 303 2321 Dolor.
353 2281 355 2286 ·

12 2397 15 2409 ·
110 2379 267 2448 Pacuvius
306 2379 369 2446 boc
405 2380 519 2444 melius
553 2401 650 2462 quam
682 2378 858 2463 Sophocles
891 2379 990 2464 (apud
1025 2381 1170 2446 illumne

8 2549 9 2556 ἵ
111 2469 197 2536 cuim
215 2489 371 2570 perquam
389 2467 541 2534 flebiliter
559 2465 671 2532 Ulixes
689 2467 886 2534 lamentatur
906 2467 941 2530 in
960 2465 1118 2553 volnere);

73 2561 219 2622 atamen
237 2556 312 2622 burc
330 2555 446 2621 leviter
460 2555 602 2640 gementi
615 2555 665 2620 illi
683 2556 757 2638 ipsi,
776 2554 832 2639 qui
845 2554 953 2618 ferunt
967 2557 1120 2638 saucium,

8 2687 9 2700 .
111 2665 267 2729 personae
289 2645 485 2729 grauitatem
507 2643 670 2710 intuentes
692 2665 758 2708 non
784 2642 935 2706 dubitant
957 2641 1074 2708 dicere:

8 2741 30 2834 l·
174 2769 227 2832 Tu
251 2770 413 2852 quoque,
436 2766 588 2849 Ulixes,
611 2767 837 2851 quamquam
861 2766 1035 2850 graviter

8 2871 9 2880 ¹
176 2853 375 2920 Cernimus
399 2855 529 2938 ictum,
550 2855 665 2919 nimis
688 2856 807 2938 paene
830 2854 955 2920 animo
980 2875 1017 2919 es

8 2942 9 3023 l
175 2942 299 3026 Molli,
322 2943 386 3027 qui
409 2947 614 3008 consuetus
638 2944 676 3008 in
700 2943 816 3007 armis

8 3035 9 3102 l
75 3057 99 3096 ao
175 3032 318 3096 Aevom
342 3033 457 3114 agere
473 3079 611 3096 .......

111 3153 275 3240 Intellegit
291 3157 387 3238 potita
404 3154 543 3238 prudens
562 3154 686 3220 ferendi
713 3153 833 3220 doloris
852 3154 1117 3222 cousuetudinem

8 3265 9 3282 ¹
112 3264 268 3308 essenon
295 3242 563 3308 contemnendam
590 3243 789 3328 magistram.
835 3244 942 3327 Atque
973 3242 1028 3306 ille
1051 3263 1117 3307 non
1136 3263 1169 3312 50

113 3331 307 3396 inmoderate
331 3351 448 3416 magno
471 3331 506 3396 in
528 3331 650 3397 dolore:
733 3390 738 3409 ,

175 3455 367 3537 Retinete,
389 3455 532 3518 tenete!
558 3452 744 3539 opprimit
766 3455 887 3537 ulcus3

79 3569 110 3642 sax
175 3541 338 3607 Nudate!
362 3542 433 3607 heu
456 3543 637 3606 miserum
660 3545 729 3607 me!
754 3542 964 3609 excrucior.

8 3719 14 3782 ἃ
121 3707 124 3713 ,
