2564 3952
172 203 239 267 284
367 203 665 260 TUSCULANARUM
682 203 985 261 DISPUTATIONUM

173 367 292 449 dicam,
309 367 445 432 miseros
464 387 548 449 esre,
568 366 623 430 sed
641 368 768 430 tantum
787 366 932 449 miseros,
952 365 993 429 ob
1013 365 1046 429 id
1064 365 1187 449 ipsum,

172 455 336 541 quianon
364 456 437 520 sint.

238 549 284 608 M.
306 543 381 609 Non
405 543 485 608 diois
507 541 621 627 igitur:
657 541 775 605 ‘Miser
797 545 847 605 est
873 538 917 606 M.
941 538 1102 623 Crassus',
1126 541 1183 604 sed

171 633 313 696 tantum:
339 629 454 695 ‘Miser
476 629 520 694 Μ.
543 628 712 696 Crassus'?

118 723 131 764 V
238 719 279 784 A.
305 717 357 784 Ita
379 718 485 801 plane.
1198 770 1203 782 .

61 825 97 884 s
120 819 153 866 14
237 813 283 871 M
306 806 405 883 Quasi
427 829 493 872 non
510 827 640 870 neeesse
660 806 716 884 sit,
739 805 891 888 quiequid
909 806 973 870 isto
992 805 1088 870 modo
1108 826 1184 887 pro·

171 895 315 977 nunties,
337 894 372 959 id
395 898 452 959 aut
474 916 544 958 esse
568 897 707 958 autnon
731 896 813 957 esse!
863 893 916 958 An
938 897 975 958 tu
1003 892 1184 957 dialecticis

171 1004 212 1046 ne
239 982 383 1047 imbutus
412 982 540 1066 quidem
568 981 624 1046 es?
673 981 712 1045 In
738 981 853 1064 primis
881 981 981 1056 enim„
994 981 1056 1044 hoc
1082 979 1185 1044 tradi-

171 1074 236 1134 tur:
260 1092 354 1135 omne
372 1071 618 1153 pronuntiatum
641 1069 702 1154 (sio
726 1069 812 1133 enirn
835 1069 917 1133 mihi
939 1068 975 1132 in
997 1069 1185 1151 praesentia

172 1158 312 1222 occurrit
332 1162 370 1220 ut
393 1158 591 1241 appellarem
613 1151 753 1254 &55le
778 1158 852 1220 utar
874 1161 950 1240 post
972 1156 1051 1234 alio,
1083 1157 1111 1220 si
1133 1157 1184 1220 in·
1201 1185 1228 1221 ιο

172 1265 288 1308 venero
317 1242 446 1330 melius)
477 1279 515 1291 -
545 1245 578 1309 id
610 1266 688 1329 ergo
722 1249 772 1309 est
803 1245 1063 1328 pronuntiatum,
1096 1245 1184 1328 quod

173 1335 222 1396 est
244 1353 355 1396 verum
378 1336 435 1397 aut
456 1332 584 1397 falsum.
634 1333 716 1397 Cum
746 1332 847 1417 igitur
869 1330 962 1396 diois:
996 1330 1111 1397 ‘Miser
1139 1331 1184 1396 M.

173 1418 339 1504 Crassus’,
363 1424 419 1485 aut
436 1420 498 1486 hoo
517 1420 611 1484 diois:
634 1419 748 1485 ‘Miser
766 1422 817 1484 est
835 1419 997 1503 Crassus’,
1019 1424 1056 1484 ut
1077 1420 1186 1504 possit

171 1507 316 1591 iudicari,
333 1530 445 1573 verum
462 1508 496 1572 id
514 1509 673 1574 falsumne
692 1509 744 1592 sit,
763 1511 820 1572 aut
837 1508 919 1572 nihil
938 1507 1019 1572 dieis
1030 1507 1185 1574 omnino.

237 1597 278 1660 A.
304 1595 390 1682 Age,
413 1597 478 1661 iam
503 1597 642 1662 concedo
664 1595 730 1661 n'on
753 1617 823 1660 esse
846 1596 995 1679 miseros,
1017 1596 1074 1679 qui
1097 1617 1184 1661 mor·
1201 1623 1226 1660 15

171 1684 220 1748 tui
247 1684 326 1768 sint,
354 1685 507 1769 quoniam
535 1685 714 1767 extorsisti,
742 1688 779 1748 ut
806 1685 939 1766 faterer,
969 1684 1026 1766 qui
1049 1683 1184 1748 omnino

170 1793 237 1836 non
260 1778 381 1855 essent,
404 1793 458 1838 eos
476 1793 517 1836 ne
536 1774 670 1837 miseros
689 1772 818 1856 quidem
836 1793 905 1836 esse
927 1791 1032 1855 posse.
1073 1770 1183 1846 Quid?

172 1860 226 1943 qui
244 1859 390 1944 vivimus,
411 1882 482 1925 eum
501 1860 703 1925 moriendum
722 1860 775 1944 sit,
792 1881 898 1924 nonne
916 1859 1026 1924 mis'eri
1045 1861 1182 1924 sumus?

172 1946 261 2023 Quae
289 1948 375 2011 enim
402 1951 511 2030 potest
538 1948 573 2012 in
599 1949 669 2012 vita
695 1969 766 2012 esse
789 1947 986 2031 iucunditas,
1015 1969 1089 2012 oum
1112 1947 1183 2012 dies
1269 2019 1270 2024 .

173 2036 206 2097 et
222 2037 333 2098 noctes
348 2034 557 2119 cogitandum
574 2036 618 2099 sit
635 2037 700 2104 iam
719 2037 848 2119 iamque
867 2057 937 2100 esse
956 2035 1183 2100 moriendum?
1199 2063 1228 2102 so
1269 2025 1270 2075 l

120 2091 153 2216 ,35
238 2127 283 2185 M.
305 2121 431 2205 Ecquid
459 2142 536 2206 ergo
564 2123 739 2208 intellegis,
767 2127 924 2208 quantum
952 2123 1031 2187 mali
1060 2123 1100 2187 de
1123 2123 1184 2188 hu·
1268 2147 1269 2191 l

172 2231 268 2272 mana
292 2210 476 2274 condicione
499 2209 674 2274 deieceris?
1267 2245 1268 2305 ,

238 2297 279 2362 A.
308 2296 456 2372 Quonam
479 2298 597 2363 modo?

237 2390 284 2449 M.
306 2384 401 2469 Quia,
432 2385 460 2450 si
490 2387 572 2450 mori
601 2387 700 2451 etiam
730 2381 870 2452 mortuis*
901 2386 1055 2450 miserum
1085 2391 1183 2470 esset,

170 2473 332 2537 infinitum
355 2473 516 2557 quoddam
539 2478 572 2539 et
594 2476 826 2558 sempiternum
844 2475 965 2538 malum
986 2474 1183 2540 haberemus
1199 2501 1226 2541 25
1265 2449 1266 2536 l

171 2560 206 2624 in
228 2561 308 2646 vita,
331 2583 417 2626 nuno
439 2562 533 2627 video
556 2563 692 2646 oaleem,
719 2560 760 2626 ad
783 2584 880 2646 quam
903 2583 976 2627 oum
1004 2562 1048 2626 sit
1070 2561 1183 2627 decur-
1264 2563 1265 2650 l

134 2644 136 2652 ’
172 2669 257 2730 sum,
279 2648 362 2712 nihil
384 2650 428 2714 sit
449 2654 616 2733 praeterea
639 2651 920 2715 extimescendum.
957 2648 1020 2714 Sed
1042 2652 1080 2713 tu
1098 2651 1183 2714 mihi
1263 2677 1264 2764 ,

171 2735 289 2800 videris
311 2735 513 2820 Epicharmi,
537 2739 623 2803 acuti
641 2759 700 2802 neo
717 2738 833 2802 insulsi
851 2737 1003 2802 hominis
1014 2740 1052 2802 ut
1070 2735 1184 2816 Siculi,

171 2823 365 2886 sententiam
388 2825 487 2908 sequi.
1260 2883 1262 2902 ,

236 2911 276 2974 A.
305 2909 431 2987 Quam?
453 2934 520 2978 non
544 2913 628 2978 enirn
651 2913 736 2977 novi.
1195 2942 1223 2980 so

235 3005 281 3062 M
304 2997 428 3083 Dicam,
446 3001 474 3064 si
492 3004 616 3083 potero,
635 2999 759 3066 Latine.
795 2999 863 3066 Seis
883 3001 970 3065 enim
989 3023 1040 3066 me
1059 3000 1182 3066 Graece

168 3085 258 3171 loqui
289 3085 323 3150 in
353 3083 470 3152 Latino
504 3107 650 3153 sermone
682 3109 749 3154 non
780 3090 853 3172 plus
886 3089 991 3154 solere
1019 3110 1116 3173 quarn
1146 3089 1181 3153 in
1259 3115 1260 3166 ἦ

170 3171 294 3237 Graeco
316 3171 441 3238 Latine.
1259 3169 1260 3219 l

235 3261 276 3324 A.
309 3259 354 3324 Et
381 3265 467 3326 reete
495 3263 631 3346 quidem.
678 3262 740 3328 Sed
768 3285 849 3347 quae
877 3265 1009 3329 tandem
1032 3268 1083 3328 est
1104 3263 1180 3346 Epi-

169 3346 292 3411 eharmi
315 3348 379 3432 ista
402 3350 584 3412 sententia?
1193 3380 1219 3418 aa

235 3440 279 3497 M.
302 3434 433 3499 Emori
455 3436 560 3514 nolo,
584 3436 648 3501 sed
673 3459 728 3500 me
752 3459 835 3502 esse
853 3439 1044 3502 mortuum
1062 3438 1180 3504 nihili

918 3527 1090 3591 ae'stimo
