2586 3950
107 209 109 212 ’
154 225 219 290 140
316 226 364 280 nn
384 224 528 279 ιιιιιιιιι
547 224 726 279 nonoauu
743 223 791 277 nr
810 222 991 277 ιιιιοιιιιιι

153 349 366 471 Clirysippus,
384 409 451 451 non
471 387 647 451 contemnit
664 377 832 468 totumque
851 384 1023 450 discrimen
1044 383 1161 447 summi

153 475 271 540 boni
262 497 298 538 ιιι
330 496 441 538 earum
480 473 720 557 comparatione
757 473 898 556 positum
930 475 1033 554 putat.
1087 470 1160 555 Ego

26 577 29 584 '
154 567 262 627 autem
290 563 454 646 existimo,
483 562 511 626 si
538 561 711 626 honestum
738 582 807 624 esse
836 559 956 643 aliquid
983 558 1163 642 ostendero,

154 651 240 734 quod
272 651 355 714 sit'
346 672 452 734 1psum
484 671 542 714 sna
574 649 607 714 vi
638 652 771 744 propter
806 669 904 731 seque
940 650 1035 799 expet
1021 647 1179 730 t,endum

153 740 257 804 iacere
284 741 392 802 vestra
419 725 540 803 omnia.
586 736 699 821 Itaque
727 758 796 819 eo,
806 735 901 820 quale
929 735 971 800 sit
975 733 1197 819 ,ιιιιιιιι,ι

154 830 191 891 ut
154 830 340 909 utempus
363 829 438 927 post
424 825 521 903 tulat,
544 826 665 890 constit
651 827 722 889 tuto
741 824 891 888 accedam
910 823 950 887 ad
969 786 1099 888 simnia
1097 826 1162 906 tua,

155 915 330 998 Torquate,
351 915 415 978 nisi
438 913 594 977 memoria
616 913 700 977 forte
723 911 883 976 defecerit.

100 1025 135 1072 45
220 1001 468 1068 Honestum'
459 1001 520 1086 ιρι
522 1023 560 1064 ur
586 1000 619 1064 id
646 1000 878 1084 intellegimus,
906 1000 990 1102 quod
1014 998 1152 1062 talet
1103 1002 1164 1078 est,

154 1094 191 1154 ut
209 1090 262 1154 det
249 1094 353 1154 tracta
372 1090 460 1154 omni
479 1089 602 1158 utilitat
569 1111 620 1152 ac
640 1089 708 1152 sinc
727 1087 803 1151 ullis
822 1088 974 1170 praemiis
990 1085 1195 1150 fructibus

155 1199 192 1243 ve
224 1199 281 1261 per
312 1200 346 1242 se
382 1179 488 1260 ipsum
519 1176 665 1259 possit
656 1198 724 1240 1ure
757 1176 891 1240 laudari
949 1175 1041 1251 Quod
1070 1175 1162 1256 quale
1180 1202 1212 1240 ιο

156 1267 210 1343 ιιι,
247 1288 314 1331 non
348 1269 418 1329 tam
454 1265 653 1346 definitione,
690 1287 753 1348 qua
785 1286 857 1328 sum
890 1285 981 1346 usus,
1017 1263 1051 1325 in
1052 1261 1163 1346 tellegi

155 1358 276 1437 potest,
299 1375 494 1438 quamquam
518 1353 718 1505 aliquantum
740 1355 862 1436 potest,
884 1373 981 1434 quam
1002 1351 1163 1415 communi

156 1443 299 1506 omnium
321 1442 438 1506 iudicio
459 1445 491 1505 et
509 1440 624 1525 optimi
643 1441 795 1524 cuiusque
815 1439 927 1504 studiis
947 1442 1040 1522 atque
1059 1437 1136 1501 fact
1112 1441 1164 1521 tis,

155 1531 211 1612 qui
246 1529 407 1613 permulta
372 1529 484 1594 tob
518 1551 589 1593 eam
621 1551 720 1593 unam
756 1549 887 1592 eausam
918 1527 1052 1608 faciunt,
1090 1525 1164 1608 quia
1284 1525 1285 1528 ’

156 1619 258 1700 decet,
286 1619 363 1702 quia
388 1621 523 1700 rectinn,
556 1616 632 1700 quia
658 1616 830 1680 honesturn
858 1620 919 1697 est,
951 1614 1012 1678 etsi
1039 1577 1163 1678 iiullum
1179 1641 1211 1679 ιι

157 1710 404 1771 consecuturum
430 1707 682 1781 emolumentum
709 1704 828 1768 vident.
880 1701 1036 1768 Homines
1068 1701 1164 1784 enim,

157 1794 217 1857 etsi
245 1793 316 1858 aliis
344 1793 469 1882 multis,
496 1796 606 1857 tamen
632 1791 694 1856 hoc
719 1813 783 1855 uno
809 1791 985 1874 plurimum
1008 1813 1027 1855 a
1049 1752 1164 1854 bestiis

157 1881 322 1965 differunt,
364 1881 449 1965 quod
484 1881 645 1945 rationem
684 1879 804 1943 habent
841 1901 860 1943 a
895 1882 1012 1942 natura
1053 1878 1109 1941 dat
1095 1881 1163 1941 tam
1278 1900 1285 1942 ἰ

156 1932 357 2053 mentemque
391 1991 496 2033 aerem
532 1971 566 2032 et
602 1967 765 2052 vigentem
798 1967 1025 2049 celerrimeque
1061 1965 1164 2029 multa

157 2057 253 2121 simul
281 2056 459 2140 agitantem
486 2059 532 2138 et,
560 2059 598 2119 ut
623 2055 670 2118 ita
696 2055 815 2138 dicam,
844 2075 1005 2138 sagacem,
1027 2075 1109 2137 quae
1132 2056 1164 2116 et
1178 2081 1208 2120 so

157 2167 270 2210 causas
296 2166 404 2209 rerum
427 2148 459 2208 et
482 2143 724 2208 consecutiones
747 2143 856 2208 videat
878 2147 910 2228 et
938 2141 1164 2220 similitudines

156 2232 332 2296 transierat
355 2235 388 2296 et
409 2233 572 2296 disiuncta
594 2231 769 2317 coniungat
791 2235 823 2296 et
846 2253 920 2295 cum
942 2229 1165 2314 praesentibus
1275 2278 1277 2287 .

157 2321 267 2384 futura
294 2321 421 2404 copulet
453 2341 644 2404 omnemque
676 2320 910 2403 complectatur
941 2319 1026 2382 vitae
1058 2339 1166 2383 conse·

158 2407 286 2492 quentis
316 2412 445 2473 statum.
494 2407 680 2491 Eademque
707 2408 791 2473 ratio
817 2407 895 2471 fecit
923 2407 1087 2471 hominem
1108 2405 1166 2471 ho·

158 2497 281 2563 minum
309 2501 514 2580 appetentem
543 2517 678 2579 cumque
704 2496 745 2560 iis
767 2499 885 2559 natura
910 2498 943 2558 et
965 2516 1110 2559 sermone
1133 2497 1166 2558 et
1179 2522 1205 2561 aa

158 2607 218 2649 usu
238 2587 475 2668 congruentem,
494 2589 531 2648 ut
549 2584 712 2667 profectus
732 2607 751 2648 a
769 2585 902 2648 caritate
917 2583 1165 2648 domesticorum

159 2695 195 2737 ιο
232 2694 364 2738 suorum
400 2676 510 2755 serpat
545 2672 675 2756 longius
712 2675 745 2735 et
781 2693 814 2736 se
848 2671 994 2754 implicet
1024 2671 1166 2754 primum

158 2761 290 2842 civium,
313 2760 426 2823 deinde
450 2761 595 2824 omnium
614 2760 799 2824 mortalium
822 2759 976 2824 societate
944 2762 1167 2909 tatque,ut

159 2847 200 2912 ad
226 2847 406 2930 Archytam
434 2849 567 2999 scripsit
592 2846 667 2912 Plat
652 2851 701 2931 to,
727 2869 792 2912 non
820 2847 884 2912 sibi
912 2868 945 2910 se
969 2847 1030 2910 soli
1051 2850 1110 2910 nat
1112 2869 1165 2910 um

159 2936 353 3018 meminerit,
327 2935 441 3000 tsed
468 2940 525 3019 pat
525 2935 605 3018 riae,
633 2935 689 3035 sed
717 2936 859 3018 suis,ut
887 2935 1061 3018 perexigua
1090 2956 1165 3016 pars
1180 2962 1206 3000 ao

104 3047 139 3095 46
158 3025 222 3107 ipsi
251 3023 412 3106 relinquat
413 3046 459 3087 ur.
508 3023 554 3088 Et
581 3023 732 3124 quoniam
759 3022 870 3086 eadem
899 3044 942 3085 na
943 3026 1016 3086 tura
1045 3021 1166 3106 cupidi-

158 3116 260 3176 tatem
288 3112 436 3196 ingenuit
422 3110 590 3176 thomini
624 3111 691 3175 veri
722 3110 867 3192 videndi,
899 3110 983 3193 quod
1014 3108 1167 3175 facillime

159 3203 306 3284 apparet,
339 3221 411 3264 eum
442 3201 535 3264 vacui
566 3199 651 3262 curis
680 3199 789 3280 etiam,
817 3196 893 3281 quid
921 3198 955 3260 in
984 3199 1073 3263 caelo
1101 3199 1168 3282 fiat,

160 3289 240 3353 scire
260 3308 400 3371 avemus,
418 3287 469 3351 his
488 3287 590 3351 initiis
609 3286 733 3350 inducti
756 3286 866 3350 omnia
889 3307 965 3350 vera
991 3286 1167 3371 diligimus,

158 3377 191 3440 id
219 3379 268 3442 est
294 3375 415 3453 fidelia,
443 3374 615 3458 simplicia,
645 3374 840 3457 constantia,
863 3379 933 3438 tum
956 3397 1052 3458 vana,
1074 3375 1167 3458 falsa,
1181 3401 1212 3440 es·

158 3463 307 3527 fallentia
339 3463 478 3546 odimus,
510 3465 546 3526 ut
577 3461 736 3546 fraudem,
775 3463 965 3546 periurium,
999 3463 1168 3544 malitiam,
1284 3537 1285 3544 ¹

157 3551 317 3616 iniuriam.
357 3550 480 3616 Eadem
502 3551 585 3615 ratio
609 3550 710 3616 habet
731 3550 766 3615 in
789 3573 823 3616 se
847 3551 997 3636 quiddam
1024 3551 1169 3635 amplum
1284 3549 1285 3566 ¹
