2564 3950
165 212 231 280 354
363 211 661 274 TUSCULANARUM
678 211 979 270 DISPUTATIONUM

164 375 295 442 dixerit:
328 375 423 444 ‘Eice
449 378 482 440 tc
508 396 525 440 e
554 375 645 460 navi3
677 378 808 460 praesto
841 377 905 457 est,
937 375 993 460 qui
1024 375 1184 460 excipiat,

163 465 216 529 vel
244 463 427 548 delphinus,
453 466 491 530 ut
516 461 673 530 Arionem
704 462 986 548 Methymnaeam,
1016 464 1069 528 rel
1102 469 1183 548 equi

164 552 295 636 Pelopis
317 553 367 618 illi
389 551 561 638 Neptunii,
587 552 644 635 qui
671 551 754 635 ‘per
780 552 903 616 undas
932 573 1070 618 currus
1093 573 1181 617 sus·

164 662 304 724 pensos
334 638 529 723 rapuisse'
568 640 732 724 dicuutur,
764 639 926 723 excipient
960 643 994 704 te
1028 643 1074 724 et,
1111 661 1179 725 quc

165 729 255 813 velis,
267 727 452 812 perferent',
470 748 598 796 omnem
613 729 743 796 omittet
756 727 785 793 is
799 726 962 812 timorem,¹
977 728 1023 793 sic
1037 749 1178 813 urguen·
1194 753 1211 799 s

164 817 252 881 tibus
281 817 404 901 asperis
432 820 464 880 et
493 816 614 884 odiosis
642 816 823 901 doloribus,
855 818 884 882 si
915 816 1001 882 tanti
1030 817 1111 899 sint,
1141 820 1179 882 ut

163 905 290 970 ferendi
318 926 387 970 non
417 904 495 989 sint,
533 926 597 989 quo
630 903 675 969 sit
710 904 972 990 confugiendum,
1006 907 1045 970 tu
1075 904 1177 970 videa.

230 993 320 1059 Haec
347 992 415 1058 fere
437 992 500 1058 hoc
522 996 667 1076 tempore
689 994 803 1076 putavi
825 1013 896 1058 esse
919 993 1062 1058 dicenda
1113 991 1178 1059 Sed

163 1087 201 1146 tu
222 1082 362 1146 fortasse
384 1081 420 1144 in
442 1081 603 1146 sententia
624 1102 803 1165 permanes.

229 1170 270 1234 A.
292 1167 427 1236 Minime
445 1190 535 1251 vero,
553 1190 668 1254 meque
686 1168 786 1235 biduo
805 1170 940 1234 duarum
957 1190 1075 1253 rerum,
1094 1189 1223 1254 quaero

164 1258 304 1324 maxime
326 1257 498 1342 timebam,
521 1276 616 1341 spero
639 1257 812 1324 liberatum
835 1261 933 1322 metu.

230 1351 275 1410 Μ.
299 1342 378 1410 eras
406 1365 484 1430 ergo
512 1346 552 1410 ad
580 1345 795 1430 clepsydram,
828 1347 874 1412 sic
906 1347 993 1411 enim
1025 1345 1179 1431 diximus,

165 1436 198 1497 et
218 1433 281 1498 tibi
304 1432 366 1500 hoc
388 1433 481 1501 video
504 1455 570 1499 non
592 1455 687 1518 posse
709 1434 826 1500 deberi.

230 1522 272 1588 A.
298 1520 351 1586 Ita
376 1543 525 1606 prorsus,
557 1525 590 1590 et
620 1521 702 1590 illud
733 1522 862 1606 quidem
892 1525 967 1588 ante
998 1521 1180 1606 meridiem,

163 1610 226 1676 hoc
249 1608 361 1675 eodem
383 1613 539 1693 tempore.
1189 1635 1219 1678 ra

230 1703 275 1764 M.
290 1695 343 1763 Sic
357 1697 511 1764 faciemus
525 1698 655 1783 tuisque
668 1699 812 1782 optumis
824 1698 941 1766 studiis
952 1699 1177 1782 obsequemur.-

410 2071 459 2145 M.
488 2071 651 2145 TULLII
677 2070 925 2151 CICERONIS

231 2215 657 2306 TUSCULANARUM
686 2215 1113 2304 DISPUTATIONUM

556 2365 606 2420 AD
624 2363 779 2422 BRUTUM

503 2496 625 2560 LIBER
651 2494 822 2558 TERTIUS

343 2613 405 2680 DE
428 2611 732 2682 Aneuluuornn
755 2611 995 2684 numanum

501 2881 835 2945 Aueunnnuun.

233 2998 411 3060 Prooemium
433 3000 515 3060 huius
533 2998 601 3056 libri
623 2999 654 3054 iu
670 2998 802 3056 leudibus
819 2999 1018 3070 philosophiae
1035 3002 1175 3074 versatur,

164 3087 235 3142 quae
255 3089 319 3128 cum
336 3071 476 3128 medicina
494 3070 581 3128 animi
594 3069 631 3124 sit
644 3085 733 3138 eaque
749 3069 779 3124 in
796 3071 939 3142 potestate
956 3072 1062 3141 nostra,
1082 3071 1174 3141 queri·

162 3146 210 3199 tur
231 3143 352 3199 multum
379 3145 409 3198 et
430 3141 544 3198 honoris
566 3141 665 3196 haberi
688 3143 717 3196 ct
740 3141 876 3211 temporis
901 3139 990 3196 tribui
1015 3141 1173 3198 medicinae

163 3215 301 3285 corporis,
319 3215 400 3270 illam
417 3215 513 3269 sutem
531 3211 673 3268 contemni
690 3214 720 3266 et
736 3211 852 3282 neglegi
868 3213 942 3282 (cap.
962 3215 1060 3282 lna).
1087 3212 1173 3268 Dein·

164 3301 230 3358 ceps
247 3285 278 3340 id
295 3285 403 3357 agitur,
425 3285 458 3338 ut
479 3282 684 3354 aegritudinem
701 3300 759 3340 non
776 3283 877 3340 eadere
900 3283 931 3338 in
948 3282 1106 3354 sapientem
1123 3284 1173 3338 de·

162 3357 342 3414 monstretur.
378 3353 598 3412 Praemittrmtur
616 3356 782 3425 argumenta
798 3353 908 3412 leviora
926 3355 955 3410 et
972 3371 991 3410 a
1007 3353 1102 3410 verbis
1119 3353 1173 3410 Iac»

163 3426 287 3482 tinorum
306 3425 402 3494 ducta,
422 3424 471 3495 qni
489 3441 599 3482 omnem
617 3425 705 3482 animi
722 3424 911 3482 adfectionem
932 3424 1050 3482 rationis
1065 3424 1172 3484 lumine

164 3499 306 3553 carentem
324 3494 480 3566 insaniam,
498 3495 663 3566 amentiam,
687 3495 857 3552 dementiam
879 3495 1024 3578 appellent
1046 3496 1133 3564 atque
1155 3511 1173 3550 a

165 3567 290 3639 sapiente
308 3569 473 3622 removeant
491 3569 563 3638 (cap.
580 3572 611 3639 4,
629 3570 668 3639 t).
708 3567 865 3636 Sequuntur
885 3565 987 3622 demde
1005 3567 1172 3637 argumenta
