2564 3950
337 207 406 262 Lm.
424 207 457 262 v.
486 206 562 263 (ιιι).
582 213 629 276 ιι,
647 213 690 263 ιι.
719 213 875 272 ιιι-ιι.
1051 207 1118 272 265

13 375 15 456 ῗ
107 373 146 433 ut
167 369 276 452 liberi,
298 372 336 434 ιιι
358 369 544 452 propinqui,
568 373 604 432 ιιι
626 368 699 452 ipsa
721 389 763 452 pa
764 369 841 451 t,ria
872 371 946 434 sunt
968 369 1025 434 illa
1049 369 1118 452 qui-

108 456 182 522 dem
204 479 265 522 sua
287 460 401 540 sponte
424 477 512 535 cara,
541 455 597 522 sed
619 456 763 522 eodem
753 477 789 520 m
811 476 942 540 genere,
964 478 1028 540 quo
1051 456 1119 539 illo,

108 566 174 610 non
205 547 288 613 sunt
332 541 401 610 Neo
427 565 503 636 vero
531 565 690 645 umquam
716 565 879 610 summum
910 544 1032 610 bonum
1068 565 1117 608 as-

13 653 14 684 1
110 632 202 716 requi
220 631 392 716 quisquam
409 611 534 716 posset,
557 633 585 698 si
604 631 713 698 omnia
730 631 801 716 illa,
823 653 905 715 quac
924 635 1001 698 sunt
1018 635 1118 715 extra,

13 719 14 774 l
82 741 306 805 aquamquam
329 719 531 805 expetenda,
543 741 668 785 summo
692 720 778 784 bono
802 719 1051 786 continerentur.

177 808 246 883 Quo
279 808 374 877 modo
406 806 520 892 igitur,
555 807 696 891 inquies,
732 829 848 892 verum,
887 829 957 872 esse
996 809 1118 892 poterit
1137 843 1172 890 ⁶9

110 895 221 962 omnia
251 895 365 980 referri
397 894 437 960 ad
468 917 630 962 summum
661 895 795 978 bonum,
828 896 855 961 si
884 895 1060 979 amicitiae,
1090 897 1119 960 si

109 983 383 1069 propinquitates,
410 983 439 1048 si
466 983 591 1067 reliqua
619 986 753 1048 externe
780 1005 905 1049 summo
936 983 1023 1049 bono
1052 1005 1119 1049 non

110 1071 276 1138 continent
277 1071 337 1136 ur?
385 1071 456 1136 Hac
485 1071 637 1137 videlicet
668 1071 807 1154 ratione,
836 1071 922 1155 quod
952 1093 1004 1154 ea,
1036 1093 1118 1155 quae

69 1182 96 1222 ιο
110 1163 243 1226 externa
266 1159 417 1242 sunt,1is
439 1162 568 1226 tuemur
590 1158 720 1243 officiis,
743 1180 825 1243 quae
845 1159 993 1224 oriuntur
1017 1182 1036 1223 a
1059 1181 1117 1224 suo

110 1247 264 1331 cuiusque
296 1267 411 1331 genere
443 1247 553 1312 virtut'
544 1269 582 1312 rs.
636 1245 723 1310 Nam
754 1251 788 1312 et
820 1247 916 1314 amici
948 1247 1054 1312 cultus
1085 1252 1118 1313 et

110 1335 255 1420 parentis
285 1333 328 1417 ci,
356 1335 412 1419 qui
439 1333 545 1400 officio
573 1333 681 1418 iungit
682 1356 795 1418 ur,1n
817 1355 855 1400 eo
878 1335 951 1418 ipso
977 1335 1119 1420 prodest,

109 1422 194 1508 quod
222 1422 270 1486 ιιι
296 1384 388 1506 iringi
416 1421 558 1488 officio'
548 1445 583 1486 m
609 1426 695 1486 reete
721 1421 818 1487 factm
846 1425 908 1504 est,
937 1428 1119 1506 quaesunt

110 1513 183 1578 orta
208 1531 230 1578 u
256 1510 341 1574 virtu
342 1511 440 1578 tibus.
489 1509 578 1586 Quae
607 1509 736 1593 quidem
769 1511 930 1593 sapientes
962 1512 1117 1591 [utentes]

70 1620 96 1660 ιι
110 1601 289 1683 sequuntur
307 1597 385 1664 duce
403 1601 521 1664 natura
544 1599 743 1681 [tanquam];
765 1618 833 1662 non
852 1596 987 1680 perfecti
1010 1601 1118 1662 autem

110 1686 258 1752 homines
281 1689 313 1750 et
335 1689 446 1752 tamen
467 1685 607 1770 ingeniis
626 1684 858 1750 excellentibus
876 1685 1016 1767 praediti
1036 1687 1118 1750 exci-

110 1777 223 1840 ιιιιιιιι
241 1794 336 1857 saepe
358 1774 476 1858 gloria,
499 1793 581 1856 quae
602 1772 702 1842 habet
720 1773 860 1855 speciem
881 1772 1062 1838 honestetis
1085 1777 1119 1837 ct

13 1907 14 1914 ι
111 1861 367 1931 similitudinem.
404 1860 525 1936 Quodsi
543 1861 649 1944 ipsam
666 1859 871 1926 honestatem
889 1860 1028 1944 undique
1046 1882 1116 1944 pcr-

111 1949 230 2020 fecum
257 1952 354 2033 atquc
383 1947 580 2032 absolutam,
606 1969 675 2012 rem
701 1969 799 2014 unam
828 1947 1119 2032 praeclarissimam

70 2061 97 2100 eo
112 2037 257 2106 omnium
296 2036 496 2120 maximeque
536 2036 748 2118 laudandam,
792 2037 922 2120 penitus
963 2035 1119 2120 viderent,

111 2145 253 2210 quonam
289 2124 408 2208 gaudio
445 2124 695 2207 complerentur,
735 2145 807 2190 cum
847 2127 1014 2225 tantopere
1051 2124 1118 2188 eius

111 2212 303 2283 adumbrata
330 2211 481 2296 opinione
508 2212 631 2276 lactent
617 2211 691 2278 tur?
737 2210 840 2289 Quem
864 2213 949 2278 eninr
975 2212 1117 2277 deditum
1138 2228 1171 2276 ιο

13 2311 14 2386 s
111 2299 344 2402 uoluptatibus,
361 2320 456 2383 quem
475 2300 634 2383 cupidita
599 2321 690 2364 aum
707 2299 863 2366 incendiis
882 2299 1119 2366 inflammatum

111 2388 145 2454 in
172 2387 213 2454 iis
246 2387 422 2471 potiendis,
454 2408 536 2471 quae
563 2387 718 2452 acerrime
746 2387 996 2471 concupivisset,
1028 2392 1119 2454 tanta

71 2497 97 2536 ιι
111 2475 215 2540 laetit
191 2479 238 2543 ιιι
264 2475 413 2559 perfundi
440 2475 648 2558 arbitramur,
679 2477 801 2558 quanta
833 2477 890 2538 aut
922 2476 1120 2558 superiorem

111 2562 301 2631 Africanum
328 2561 511 2628 Hannibale
538 2562 625 2628 victo
653 2565 710 2628 aut
735 2563 949 2645 posteriorem
979 2561 1119 2628 Kartha-

112 2651 187 2736 gine
209 2649 344 2716 eversa?
390 2650 494 2726 duem
512 2649 666 2718 Tiberina
688 2649 854 2716 descensio
877 2649 962 2716 festo
985 2649 1043 2715 illo
1067 2651 1119 2716 die

13 2733 14 2804 l
110 2743 202 2810 tanto
230 2738 350 2823 gaudio
374 2740 494 2819 affecit,
524 2741 645 2822 quanto
668 2737 703 2802 L.
726 2737 889 2820 Paullum,
914 2759 987 2804 cum
1010 2759 1119 2823 regem

13 2829 14 2896 ἶ
111 2826 241 2892 Persem
273 2830 405 2910 ceptum
437 2826 621 2909 adduceret,
653 2825 764 2893 eodem
795 2826 926 2892 flumine
957 2826 1119 2894 invectio?

13 2931 15 2960 2
72 2914 183 3000 rorigo
213 2935 313 2998 nunc,
344 2913 430 2980 Luci
454 2916 576 2997 noster,
613 2917 740 2980 exstrue
772 2915 881 2980 animo
914 2915 1119 2982 altitudinem
1139 2931 1171 2979 ιι
1242 2955 1245 2963 .

112 3002 399 3086 excellentiamque
430 3001 599 3086 virtutum,
636 3002 702 3068 iam
734 3023 799 3070 non
831 3001 1009 3087 dubitabis,
1042 3003 1120 3086 quin

112 3111 223 3154 earum
263 3093 427 3174 compotes
463 3088 611 3156 homines
648 3109 767 3174 magno
805 3090 914 3156 animo
951 3093 1119 3174 erectoque

111 3177 255 3244 viventes
278 3199 405 3260 semper
423 3177 489 3244 sint
511 3176 612 3260 beati,
635 3177 691 3260 qui
709 3177 816 3242 omnis
840 3181 909 3243 mot
910 3201 947 3242 us
894 3177 1119 3243 tfortunae

112 3264 371 3349 mutationesque
393 3287 501 3330 rerum
520 3268 553 3328 et
574 3227 758 3347 teinporum
779 3265 860 3330 levis
886 3270 919 3330 et
940 3265 1119 3330 imbecillos

73 3373 98 3414 ιι
112 3351 182 3442 scre
205 3353 415 3438 intellegant,
433 3354 461 3418 si
483 3354 517 3418 iu
534 3352 670 3417 virtutis
684 3356 847 3418 certamen
866 3353 1021 3418 venerint.
1056 3351 1121 3418 Illa

112 3431 208 3518 enim,
241 3461 322 3524 quae
358 3443 435 3506 sunt
467 3463 487 3504 a
516 3439 610 3506 nobis
649 3440 735 3540 loona
766 3440 909 3523 corporis
941 3442 1120 3524 numerata,

113 3528 342 3612 complentes
369 3528 498 3611 quidem
525 3527 611 3592 beat
586 3527 749 3594 tissimum
775 3527 901 3611 vitam,
919 3527 974 3592 sed
1001 3528 1061 3612 ita,
1083 3531 1120 3592 ut
