2470 3962
130 198 176 263 24
402 191 692 250 ΔΟΑΒΕΜΙΟΟΒΠΜ
710 189 877 246 PRIORUM

128 358 338 445 philosophia
370 357 515 438 laudata,
547 355 694 439 profecto
726 354 794 418 eius
825 356 979 420 tractatio
1016 356 1152 440 optimo

131 451 229 533 atque
255 445 455 530 amplissimo
488 464 615 528 quoque
642 441 832 527 dignissima
865 446 929 526 est,
959 464 1019 507 nec
1050 443 1151 527 quid-

131 557 230 621 quam
253 534 342 600 aliud
363 531 536 600 videndum
559 534 610 596 est
631 530 742 614 nobis,
766 551 845 614 quos
866 531 1005 616 populus
1023 531 1151 596 Itoma-

131 646 192 690 nus
223 623 286 689 hoe
314 623 349 686 in
376 621 480 706 gradu
506 619 701 702 conlocavit,
731 618 796 684 nisi
825 640 867 682 ne
895 619 972 703 quid
1003 619 1149 703 privatis

132 711 247 778 studiis
262 711 300 776 dc
314 731 414 794 opera
426 707 557 791 publica
571 706 785 774 detrahamus.
814 705 946 791 Quodsi,
962 729 1034 772 oum
1048 707 1149 792 fungi
1167 735 1187 775 s

131 821 263 866 munere
285 797 496 880 debebamus,
518 817 585 860 non
608 795 704 861 modo
727 815 857 878 operam
879 798 1026 860 nostram
1049 817 1148 860 num-

132 910 229 974 quam
260 910 280 952 a
310 885 460 970 populari
491 887 584 948 coetu
611 883 823 967 removimus,
845 882 902 947 sed
929 905 970 948 nc
997 883 1148 948 litteram

132 975 260 1064 quidem
284 974 386 1039 ullam
412 971 546 1036 fecimus
573 971 638 1036 nisi
664 970 842 1055 forensem,
871 971 944 1056 quis
971 973 1149 1056 reprendet

133 1065 235 1130 otium
266 1065 426 1142 nostrum,
458 1059 514 1144 qui
544 1060 579 1124 in
607 1081 644 1126 eo
671 1069 736 1124 uon
768 1059 863 1124 modo
895 1063 1022 1124 nosmet
1052 1060 1146 1144 ipsos

132 1153 304 1218 hebescere
328 1153 360 1213 et
381 1148 537 1232 languere
559 1147 718 1232 nolumus,
737 1147 793 1212 sed
814 1147 919 1231 etiam,
938 1151 975 1212 ut
991 1148 1146 1232 plurimis
1165 1175 1199 1215 io

132 1240 307 1324 prosimus,
343 1235 515 1301 enitimur?
552 1234 699 1300 Gloriam
735 1256 811 1300 vero
845 1257 911 1300 non
946 1236 1042 1303 modo
1076 1257 1147 1302 non

133 1327 248 1409 minui,
275 1324 331 1390 sed
358 1325 457 1390 etiam
484 1323 597 1408 augeri
627 1323 823 1388 arbitramur
850 1343 974 1408 eorm,
1005 1345 1147 1410 quorum

134 1415 175 1480 ad
211 1413 377 1498 popularis
413 1411 622 1496 inlustrisque
662 1411 775 1476 laudes
810 1412 870 1476 has
905 1411 1004 1476 etiam
1036 1414 1145 1479 minus

97 1506 227 1570 anotas
253 1503 424 1602 minusque
445 1500 652 1584 pervolgatas
676 1499 891 1584 adiungimus.
931 1498 1013 1565 Sunt
1035 1502 1146 1584 etiam,

134 1593 189 1677 qui
220 1593 340 1676 negent
370 1611 405 1654 m
435 1588 489 1672 iis,
528 1588 583 1672 qui
614 1589 648 1652 in
679 1588 799 1654 nostris
836 1587 930 1653 libris
966 1588 1145 1674 disputent,
1162 1616 1192 1656 rs

132 1681 233 1745 fuisse
255 1700 366 1744 earum
387 1698 509 1759 rerum,
535 1675 712 1762 dequibus
736 1675 935 1760 disputatur,
965 1677 1144 1744 scientiam.

133 1767 196 1844 Qui
223 1767 304 1832 mihi
331 1766 483 1832 sidentur
508 1786 574 1830 non
602 1765 707 1830 solum
732 1764 832 1848 vivis,
858 1763 1036 1831 sedetiam
1059 1787 1144 1831 mor·

133 1857 200 1922 tuis
222 1856 373 1922 invidere.

99 1949 121 2013 3
201 1944 317 2009 Restat
343 1963 443 2006 unum
471 1959 573 2025 genus
600 1939 881 2023 reprehensorum,
912 1941 1029 2026 quibus
1062 1941 1145 2008 Aca·

135 2033 259 2098 domiso
285 2031 369 2094 ratio
392 2051 458 2094 non
484 2027 651 2112 probatur.
700 2028 791 2104 Quod
819 2030 949 2113 gravius
976 2029 1145 2115 ferremus,
1159 2057 1189 2096 eo

135 2121 164 2185 si
187 2120 357 2203 quisquam
379 2117 481 2181 ullam
506 2115 710 2200 disciplinam
737 2116 964 2201 philosophiae
991 2119 1147 2201 probaret

134 2211 366 2292 praeteream,
389 2225 486 2290 qnam
506 2204 575 2287 ipsa
598 2211 792 2288 sequeretur.
836 2205 906 2271 Nos
929 2209 1038 2272 autem
1065 2230 1145 2292 quo·

133 2295 223 2360 niam
254 2296 366 2360 contre
393 2313 517 2376 omues,
541 2292 597 2376 qui
627 2311 659 2358 sc
684 2294 762 2358 scire
789 2293 996 2372 orbarentur,
1028 2294 1145 2378 dicere,

136 2404 217 2469 quae
253 2382 417 2460 videntur,
452 2379 608 2459 solemus,
643 2391 709 2446 noh
744 2401 932 2465 possumus,
969 2383 1048 2466 quin
1086 2384 1145 2449 alii

136 2495 156 2536 a
178 2471 273 2536 nobis
301 2469 507 2548 dissentiant,
533 2489 694 2554 reeusare;
722 2490 916 2553 quamquam
938 2473 1051 2536 nostra
1074 2473 1144 2556 qui·
1159 2497 1186 2538 ss

135 2560 208 2624 dem
231 2579 327 2624 causa
352 2557 458 2622 facilis
485 2561 549 2640 est,
583 2558 638 2640 qui
664 2577 775 2622 verum
802 2557 946 2622 invenire
975 2559 1044 2622 sine
1075 2560 1147 2625 ulla

124 2646 342 2713 'contentione
362 2645 510 2710 volumus
528 2644 624 2728 idque
643 2665 769 2709 summa
787 2666 864 2710 cura
882 2646 1052 2730 studioque
1070 2669 1145 2714 con·

135 2734 302 2820 quirimus.
352 2731 425 2797 Etsi
453 2733 540 2796 enim
567 2731 672 2796 omnis
699 2732 843 2816 cognitio
872 2734 983 2798 multis
1011 2739 1061 2799 est
1089 2737 1145 2802 ob·

136 2826 261 2888 structa
291 2819 551 2902 difficultatibus,
582 2837 682 2899 eaque
714 2824 764 2884 est
799 2822 832 2884 et
865 2821 900 2885 in
931 2821 1011 2905 ipsis
1048 2824 1144 2889 rebus

137 2908 318 2976 obscuritas
350 2911 384 2972 et
413 2908 448 2971 in
479 2906 607 2972 iudiciis
638 2907 760 2973 nostris
791 2908 977 2994 infirmitas,
1009 2916 1047 2976 ut
1077 2935 1144 2978 uon
1157 2939 1184 2979 so

137 2999 206 3064 sine
225 3018 322 3062 eausa
340 2995 557 3080 antiquissimi
579 2999 613 3059 et
631 2995 808 3060 doctissimi
826 2997 968 3062 invenire
988 3021 1022 3062 se
1039 3021 1145 3084 posse,

136 3085 222 3172 quod
243 3086 409 3168 cuperent,
432 3082 532 3147 diffisi
555 3083 635 3168 sint,
661 3086 771 3148 tamen
796 3104 854 3149 uec
883 3085 932 3149 illi
960 3086 1145 3153 defecerunt

135 3195 239 3259 neque
262 3193 321 3237 nos
345 3170 487 3238 studium
510 3171 695 3256 exquirendi
718 3171 890 3258 defatigati
912 3174 1144 3262 relinquemus3

135 3283 239 3346 neque
276 3263 408 3325 nostrae
439 3259 675 3343 disputationes
708 3260 880 3345 quidquam
914 3261 1001 3326 aliud
1033 3268 1144 3348 agimt,

135 3350 200 3414 nisi
218 3349 302 3413 utin
316 3351 485 3432 utramque
504 3352 631 3431 partem
646 3348 780 3414 dicendo
795 3352 827 3411 et
841 3348 998 3415 audiendo
1014 3352 1144 3418 eliciant
1157 3377 1183 3419 ss

137 3440 170 3501 et
196 3441 363 3521 tamquam
391 3436 573 3519 exprimant
605 3436 738 3521 aliquid,
767 3435 852 3518 quod
879 3439 936 3501 aut
962 3459 1073 3504 verum
1102 3442 1145 3504 sit

99 3525 194 3595 aaut
230 3523 270 3588 ad
305 3522 339 3587 id
376 3545 471 3608 quam
509 3525 656 3609 proxime
694 3521 838 3609 accedat3
874 3545 933 3589 neo
968 3525 1052 3592 inter
1083 3549 1144 3592 nos
