2564 3950
158 175 224 242 364
351 172 651 230 TUSCULANARUM
668 171 973 230 DISPUTATIONUM

157 337 242 403 Male
269 336 384 403 Latine
410 337 549 419 videtur,
578 338 634 403 sed
660 337 825 422 praeclare
853 335 987 418 Accius3
1017 338 1054 400 ut
1082 336 1171 400 enim

159 424 336 510 ‘videre',
354 425 401 490 sic
415 424 602 491 ‘inridere
616 424 772 492 florem'
790 424 911 488 rectius
926 445 1024 507 quam
1037 421 1170 488 ‘flori'

157 513 227 580 Nos
251 513 480 580 consuetudine
502 513 723 598 prohibemur;
752 515 849 597 poeta
872 512 922 576 ius
946 532 1040 576 suum
1062 512 1172 576 tenuit

105 563 150 689 {p
159 606 192 668 et
213 601 295 667 dixit
318 600 478 676 audacius.
519 598 614 666 Cadit
636 602 735 682 igitur
756 601 791 664 in
809 599 944 664 eundem
967 603 1001 664 et
1023 598 1172 664 misereri

59 696 64 704 '
159 693 193 755 et
214 689 367 754 invidere.
415 689 502 755 Nam
529 689 584 773 qui
611 689 699 756 dolet
725 689 821 752 rebus
849 688 984 752 alicuius
1015 687 1199 771 advorsis,r

158 778 243 844 idem
271 777 407 843 alicuius
436 777 535 842 etiam
562 777 710 843 secundis
739 775 840 859 dolet,
864 778 902 840 ut
924 775 1171 860 Theophrastus

159 867 326 932 interitum
359 864 529 949 deplorans
562 862 786 948 Callisthenis,
822 863 943 929 sodalis
978 865 1042 948 sui,
1073 864 1171 928 rebus

159 953 336 1019 Alexandri
358 954 521 1038 prosperis
545 953 691 1037 angitur,
711 953 820 1037 itaque
838 951 917 1016 dicit
935 949 1171 1016 Callisthenem

159 1042 312 1107 incidisse
334 1042 370 1110 in
391 1041 556 1106 hominem
579 1063 707 1106 summa
728 1040 876 1124 potentia
895 1040 1172 1125 summaquafor-

159 1134 253 1214 tuna,
281 1129 346 1214 sed
364 1130 526 1214 ignarum,
554 1151 649 1215 quem
673 1128 869 1194 admodum
895 1130 992 1194 rebus
1023 1128 1171 1194 secundis
1186 1151 1216 1196 ro

159 1218 209 1282 uti
233 1217 426 1282 conveniret.
471 1216 587 1301 Atqui,
612 1239 707 1302 quem
730 1217 771 1282 ad
793 1217 926 1284 modurn
948 1216 1172 1282 misericordia

161 1304 328 1390 aegritudo
351 1309 401 1369 est
424 1326 462 1370 ex
481 1306 613 1370 alterius
632 1307 728 1371 rebus
747 1305 905 1388 adversis,
928 1305 974 1370 sic
992 1304 1173 1370 invidentia

161 1393 329 1479 aegritudo
358 1396 409 1458 est
435 1414 473 1458 ex
501 1393 635 1460 alterius
661 1395 758 1460 rebus
792 1393 951 1459 secundis.
1003 1391 1044 1457 In
1074 1414 1172 1477 quem

159 1483 261 1567 igitur
284 1480 371 1546 cadit
393 1481 552 1566 misereri,
579 1483 615 1547 in
638 1481 773 1546 eundem
796 1481 895 1547 etiam
918 1480 1074 1565 invider03
1102 1503 1172 1546 non

160 1569 249 1635 cadit
276 1573 384 1634 autem
411 1569 555 1638 invidere
581 1571 616 1634 in
638 1571 831 1655 sapientem
861 1589 1001 1653 ergone
1024 1569 1213 1634 misererirs

160 1658 297 1741 quidem.
343 1656 465 1734 Quodsi
488 1678 583 1743 aegre
604 1659 688 1723 ferre
711 1658 840 1742 sapiens
864 1658 996 1740 soleret,
1026 1656 1172 1722 misereri

161 1746 261 1810 etiam
284 1745 411 1812 soleret.
456 1744 562 1811 Abest
583 1768 618 1812 er
641 1767 660 1810 o
684 1767 704 1810 a
726 1747 871 1830 sapiente
894 1744 1072 1830 aegritudo.

107 1843 141 1894 22
228 1832 318 1898 Haeo
342 1835 387 1898 sio
408 1832 557 1898 dicuntur
580 1767 739 1899 abscisis
768 1832 1064 1918 concludunturque
1094 1855 1170 1900 con·

158 1922 285 1987 tertius.
322 1919 384 1987 Sed
406 1922 506 1987 latius
525 1921 690 2007 aliquanto
710 1921 846 1998 dicenda
864 1924 940 1986 sunt
958 1925 992 1987 et
1013 1921 1171 2006 diffusius,

160 2009 328 2075 sententiis
370 2014 480 2074 tamen
499 2063 503 2069 .
519 2011 675 2074 utendum
712 2031 822 2077 eorum
856 2011 1077 2094 potissimum,
1114 2011 1170 2094 qui
1184 2035 1212 2077 eo

159 2097 298 2162 maxime
324 2096 403 2162 forti
425 2101 472 2182 et,
498 2101 536 2162 ut
557 2098 605 2163 ita
627 2098 747 2182 dicam,
773 2098 860 2163 virili
886 2101 1021 2163 utuntur
1042 2099 1170 2178 ratione

160 2189 257 2269 atque
280 2185 450 2251 sententia.
498 2185 584 2251 Nam
606 2185 825 2271 Peripatetici,
851 2186 1030 2252 familiares
1055 2187 1170 2266 nostri,

160 2274 278 2358 quibus
296 2272 381 2337 nihil
400 2276 450 2338 est
467 2274 610 2356 uberius,
632 2274 716 2339 nihil
735 2274 905 2358 eruditius,
926 2275 1009 2339 nihil
1027 2275 1170 2358 gravius,

159 2361 397 2427 mediocritates
415 2361 467 2426 vel
489 2363 771 2446 perturbationum
788 2363 840 2427 vel
858 2363 1044 2428 morborum
1067 2363 1170 2428 animi

159 2449 240 2515 mihi
266 2472 333 2515 non
361 2471 438 2515 sano
465 2451 615 2536 probant.
665 2450 768 2517 Omne
796 2449 882 2515 enim
904 2450 1041 2534 malum,
1069 2451 1168 2516 etiam
1183 2459 1211 2518 ai

158 2537 334 2623 mediocre,
356 2538 478 2604 malum
502 2541 564 2622 est,
586 2561 647 2604 nos
671 2543 779 2604 autem
801 2538 834 2603 id
857 2539 996 2624 agimus,
1018 2544 1055 2604 ut
1077 2538 1110 2603 id
1132 2538 1169 2605 in

159 2627 305 2711 sapiente
327 2627 451 2691 nullum
474 2627 517 2692 sit
539 2627 680 2693 omnino.
723 2625 809 2692 Nam
831 2631 869 2691 ut
890 2649 1015 2711 corpus,
1040 2627 1169 2692 etiamsi

159 2714 365 2779 mediocriter
388 2735 521 2800 aegrum
544 2719 607 2799 est,
630 2737 743 2780 sanum
761 2719 913 2799 nonest,
936 2715 983 2780 sic
1004 2715 1169 2780 inanimo

160 2801 224 2866 ista
238 2801 443 2866 mediocritas
458 2807 546 2868 caret
564 2803 713 2868 sanitate.
744 2802 857 2888 Itaque
875 2804 1039 2886 praeclare
1052 2802 1169 2888 nostri,

159 2893 197 2954 ut
233 2889 298 2954 alia
328 2889 445 2974 multa,
481 2891 679 2977 molestiam,
713 2890 976 2970 sollicitudinem,
1012 2910 1167 2976 angorem
1180 2917 1209 2960 eo

159 2981 291 3062 propter
322 2977 567 3045 similitudinem
600 3001 770 3063 corporum
798 3000 968 3064 aegrorum
998 2980 1167 3066 aegritu·

106 3075 140 3125 23
160 3064 284 3130 dinem
301 3066 558 3132 nominaverunt.
593 3066 665 3132 Hoc
683 3067 916 3151 propemodum
934 3067 1033 3132 verbo
1052 3066 1168 3134 Graeci

159 3175 287 3219 omnem
311 3155 412 3220 animi
435 3155 710 3239 perturbationem
735 3156 913 3239 appellant3
940 3159 1057 3221 vocant
1080 3157 1168 3252 enign

158 3239 282 3325 πάθος,
301 3242 334 3306 id
352 3245 403 3307 est
420 3243 582 3327 morbum,
600 3245 793 3329 quicumque
812 3248 862 3308 est
879 3247 988 3308 motus
1005 3244 1040 3308 in
1058 3245 1167 3311 animo

158 3330 314 3395 turbidus.
363 3329 433 3396 Nos
456 3331 586 3414 melius3
614 3331 718 3416 aegris
747 3331 832 3397 enim
855 3333 1042 3417 corporibus
1067 3333 1166 3397 simil·
1179 3357 1207 3402 ss

157 3419 235 3487 lima
257 3418 358 3483 animi
382 3422 432 3483 est
455 3417 635 3504 aegritud03
659 3422 694 3483 at
710 3442 776 3486 non
794 3420 910 3486 similis
933 3421 1167 3505 aegrotationis

157 3508 208 3570 est
228 3505 344 3593 libido,
365 3528 433 3572 non
455 3505 657 3572 inmoderata
679 3507 821 3593 laetitia,
843 3529 925 3593 quae
948 3512 997 3574 est
1016 3510 1167 3594 voluptas
