2586 3950
357 207 423 263 ΜΒ.
442 207 476 262 11.
505 207 580 262 cap.
602 214 705 262 9-11.
733 213 889 274 §aa-aa.
1069 208 1133 272 135

117 369 205 434 dem.
250 369 341 446 Quae
364 369 430 434 iam
453 370 557 434 oratio
579 391 643 434 non
668 392 687 434 a
709 367 903 453 philosopho
927 368 1050 453 aliquo,
1076 370 1132 434 sed

116 480 140 521 a
169 477 301 522 censore
329 456 540 540 opprimenda
567 459 625 522 est.
675 456 749 522 Non
777 460 827 521 est
849 457 937 521 enim
959 456 1076 522 vitium
1097 457 1133 522 in

118 545 268 609 oratione
292 544 411 628 solum,
435 545 608 608 sedetiam
631 545 665 610 in
683 544 837 610 moribus.
872 543 1046 608 Luxuriam
1066 566 1131 610 non
1189 593 1194 599 -

118 633 301 717 reprendit,
320 633 415 697 modo
435 633 479 697 sit
497 654 599 698 vacua
616 633 743 698 infinita
762 631 937 716 cupiditate
956 637 989 697 et
1006 633 1131 696 timore.

88 719 193 786 sHoc
226 721 298 786 loco
325 720 500 803 discipulos
528 741 681 804 quaerere
707 720 849 804 videtur,
883 723 933 804 ut,
960 719 1015 804 qui
1047 720 1131 786 asoti

120 829 193 872 csso
211 808 325 886 velint,
343 807 532 893 philosophi
550 812 626 873 ante
644 809 733 873 fiant
770 808 797 872 A
816 808 931 892 primo,
953 811 990 872 ut
1007 808 1131 891 opinor,
1150 819 1184 867 31

119 896 337 960 animantium
368 898 443 960 ortu
474 897 596 978 petitur
622 897 715 980 origo
742 895 860 960 summi
891 896 977 960 boni.
1028 893 1131 960 Simul

120 987 230 1084 atque·
250 987 363 1048 natum
395 983 517 1047 animal
547 987 609 1063 est,
641 984 761 1069 gaudet
791 983 958 1067 voluptate
990 987 1024 1047 et
1059 1005 1131 1047 eam

75 1069 1131 1244 10{pusillitatiEuitnllpidiiuiiiiiilsiiilunituii

120 1248 297 1330 depravata
323 1248 404 1331 sint,
431 1246 479 1311 ait
506 1248 627 1330 optime
655 1248 800 1312 iudicari.
850 1247 939 1312 Haec
969 1252 1003 1312 et
1024 1252 1061 1312 tu
1083 1248 1131 1311 ita

119 1335 273 1418 posuisti,
299 1338 333 1400 et
353 1334 453 1399 verba
475 1338 582 1399 vestra
606 1339 688 1400 sunt.
739 1334 842 1411 Quam
869 1337 972 1400 multa
998 1336 1130 1401 vitiosa!

121 1421 289 1487 Summum
317 1423 404 1486 enim
431 1421 551 1487 bonum
579 1426 612 1487 et
638 1422 760 1488 malum
787 1423 921 1508 vagiens
952 1445 1031 1507 puer
1057 1427 1131 1488 utra

120 1511 289 1595 voluptate
322 1509 523 1594 diiudicabit,
558 1513 665 1575 stante
692 1531 735 1575 an
765 1511 937 1576 movente?
969 1513 1131 1595 quoniam,

77 1622 105 1662 15
121 1599 150 1662 si
178 1599 227 1663 dis
250 1599 371 1682 placat,
397 1598 438 1662 ab
461 1597 602 1682 Epicuro
629 1598 717 1682 loqui
745 1599 905 1663 discimus.
957 1598 1131 1680 distante

119 1686 182 1751 hoo
209 1689 326 1751 natura
351 1686 501 1751 videlicet
527 1687 609 1770 vult,
637 1687 758 1751 salvam
781 1708 850 1750 esse
874 1708 922 1770 se,
949 1687 1035 1770 quod
1058 1708 1131 1752 con·

120 1773 276 1858 cadimus3
300 1775 329 1838 si
351 1778 513 1858 movente,
538 1775 623 1859 quod
641 1778 751 1838 tamen
771 1773 891 1857 dicitis,
914 1775 1005 1839 nulla
1026 1775 1131 1857 turpis

119 1862 271 1944 voluptas
294 1862 368 1944 erit,
391 1883 472 1946 quae
494 1861 785 1945 praetermittenda
808 1863 864 1947 sit,
890 1865 923 1926 et
945 1863 1042 1926 simul
1065 1882 1132 1925 non

119 1950 335 2033 proficiscitur
352 1950 474 2015 animal
494 1949 576 2015 illud
595 1950 690 2016 modo
708 1954 822 2037 natum
839 1972 858 2014 a
876 1971 1002 2015 summa
1019 1949 1131 2032 volup-

78 2041 205 2121 aotatc,
241 2059 324 2122 quae
356 2042 405 2102 est
437 2059 456 2101 a
486 2042 520 2102 te
551 2038 659 2122 posita
694 2039 729 2103 in
756 2060 823 2103 non
859 2038 1004 2104 dolendo.
1061 2035 1131 2102 Nec
1149 2050 1184 2097 32

122 2129 232 2190 tamen
256 2129 480 2210 argumentum
502 2126 564 2191 hoo
586 2125 744 2209 Epicurus
768 2149 787 2190 a
809 2126 918 2210 parvis
936 2126 1053 2210 petivit
1076 2129 1133 2189 aut

122 2213 222 2278 etiam
245 2235 265 2278 a
287 2213 415 2297 bestiis,
443 2235 524 2297 quae
551 2218 647 2297 putat
673 2235 744 2280 esse
771 2215 902 2297 specula
925 2219 1073 2297 naturae,
1095 2217 1133 2277 ut

121 2301 242 2365 diceret
274 2301 315 2367 ab
349 2302 388 2365 iis
421 2300 499 2366 duce
530 2307 646 2366 natura
677 2301 760 2366 hanc
791 2303 992 2385 voluptatem
1025 2301 1132 2383 expeti

121 2388 204 2452 nihil
227 2388 365 2454 dolendi.
405 2388 520 2473 Neque
542 2390 627 2453 cuim
650 2388 730 2454 haec
753 2411 882 2454 movere
904 2393 1014 2473 potest
1036 2410 1132 2472 appe·

78 2499 107 2539 aa
121 2477 217 2541 titum
241 2477 354 2559 animi,
381 2498 440 2542 nec
462 2477 564 2541 ullum
587 2476 688 2542 habet
710 2479 823 2560 ictum,
850 2498 913 2560 quo
941 2476 1044 2558 pellat
1067 2475 1133 2540 ani·

123 2585 223 2647 mum,
251 2567 355 2629 status
382 2564 435 2629 hic
461 2587 528 2629 non
555 2563 692 2628 dolendi.
736 2563 849 2647 ltaque
872 2564 907 2627 in
935 2563 997 2628 hoc
1021 2562 1132 2627 eodem

123 2655 235 2734 peccat
267 2651 494 2736 Hieronymus.
554 2653 601 2717 At
632 2651 688 2716 ille
721 2652 827 2736 pellit,
864 2652 919 2735 qui
954 2651 1132 2735 permulcet

124 2760 252 2804 sensum
270 2740 446 2824 voluptate.
482 2740 597 2825 Itaque
615 2740 776 2824 Epicurus
796 2761 922 2823 semper
943 2738 1005 2803 hoc
1019 2739 1133 2822 utitur,

122 2829 159 2891 ut
176 2828 293 2912 probet
309 2828 509 2911 voluptatem
527 2832 646 2893 natura
664 2828 782 2912 expeti,
806 2827 893 2912 quod
915 2849 954 2891 ea
971 2828 1131 2910 voluptas,

80 2937 204 2999 acquae
226 2916 262 2980 in
284 2920 374 2981 motu
398 2915 455 2999 sit,
478 2920 511 2981 et
532 2937 649 3000 parvos
674 2915 714 2980 ad
739 2937 772 2979 se
796 2916 919 2980 alliciat
946 2919 979 2979 et
1001 2914 1132 2997 bestias,

122 3024 188 3068 non
220 3004 278 3067 illa
310 3003 452 3087 stabilis,
483 3005 517 3068 in
550 3007 767 3088 quatantum
794 3004 878 3068 inest
903 3003 986 3067 nihil
1015 3001 1132 3067 dolere.

123 3091 184 3167 Qui
206 3091 308 3175 igitur
331 3091 482 3157 convenit
508 3091 549 3156 ab
578 3091 643 3156 alia
665 3092 831 3175 voluptate
854 3091 959 3156 dicere
982 3093 1132 3154 naturam

121 3179 296 3262 proficisci,
319 3179 353 3243 in
376 3180 441 3244 alia
464 3201 626 3244 summum
649 3181 768 3244 bonum
791 3179 933 3264 ponere?
1081 3175 1088 3183 '
1144 3227 1183 3288 l,

187 3263 373 3331 Bestiarum
401 3289 476 3333 vero
504 3268 630 3331 nullum
658 3267 812 3332 iudicium
839 3270 927 3351 puto.
978 3264 1131 3341 Quamvis
1151 3305 1185 3351 33
1228 3287 1231 3294 ⁴

80 3379 108 3418 aa
123 3355 207 3420 enim
230 3354 424 3439 depravatae
442 3377 510 3420 non
532 3355 610 3439 sint,
633 3376 752 3438 pravae
769 3358 879 3419 tamen
898 3374 967 3417 esse
986 3356 1131 3435 possunt.

122 3441 168 3507 Ut
195 3442 348 3506 bacillum
377 3443 465 3507 aliud
493 3447 543 3507 est
565 3443 717 3518 inflexum
742 3447 774 3507 et
796 3442 1000 3506 incurvatum
1023 3440 1062 3504 de
1084 3441 1132 3504 in-

122 3529 260 3613 dustria,
284 3530 371 3594 aliud
393 3531 440 3595 ita
462 3533 588 3616 natum,
616 3531 663 3596 sic
692 3531 834 3609 ferarum
856 3532 972 3593 natura
994 3549 1060 3594 non
1083 3533 1135 3594 est
1269 3563 1270 3568 κ
