2586 3950
367 215 433 270 ΜΒ.
451 215 473 271 1.
502 214 578 271 oAP.
600 220 647 283 re,
667 221 708 272 rs.
736 220 892 280 sor-oe.
1070 217 1133 280 115

95 378 240 442 minuti
269 381 303 442 et
331 377 461 462 angusti
484 380 541 441 aut
563 378 673 442 omnia
699 399 826 461 semper
849 377 1054 460 desperantes
1078 382 1134 444 aut

99 466 290 550 malevoli,
313 465 429 548 invidi,
451 465 613 548 difficiles,
642 465 790 551 lucifugi,
817 465 978 547 maledici,
1001 467 1133 549 morosi,

100 554 168 618 alii
215 559 327 619 autem
364 554 462 618 etiam
499 553 665 618 amatoriis
703 553 890 618 levitatibus
926 553 1040 638 dediti,
1076 554 1133 620 alii

31 646 32 650 ’
101 642 320 726 petulantes,
344 641 400 706 alii
419 641 569 724 audaces,
590 641 746 724 protervi,
767 641 864 706 iidem
881 642 1132 726 intemperantes

79 735 145 794 ret
179 731 310 814 ignavi,
336 751 510 814 numquam
536 730 572 793 in
600 730 761 794 sententia
788 733 1025 812 permanentes,
1053 751 1132 813 quas

105 819 158 883 ob
195 839 312 883 causas
345 819 380 882 in
406 839 517 883 eorum
545 817 612 882 vita
638 817 729 882 nulla
757 823 807 882 est
833 817 1037 901 intercapedo
1065 839 1132 882 mo-

104 906 245 970 lestiae.
308 906 415 991 Igitur
454 927 558 990 neque
599 905 774 970 stultorum
810 907 980 991 quisquam
1016 906 1132 970 beatus

107 1015 227 1078 neque
256 994 450 1077 sapientium
477 1015 541 1058 non
568 995 690 1058 beatus.
741 993 908 1077 Multoque
932 993 993 1058 hoc
1016 993 1131 1058 melius

107 1105 181 1147 nos
216 1083 387 1166 veriusque
419 1104 516 1166 quam
548 1079 658 1146 Stoici.
711 1081 765 1146 Illi
793 1082 877 1147 enim
909 1086 1032 1167 negant
1062 1103 1132 1147 esse

76 1171 246 1235 robonum
278 1171 450 1254 quiequam
484 1169 548 1234 nisi
579 1170 685 1234 nescio
719 1191 815 1253 quam
847 1170 939 1235 illam
975 1170 1133 1254 umbram,

113 1258 210 1342 quod
229 1259 394 1342 appellant
412 1258 583 1324 honestum
607 1279 673 1324 non
695 1261 763 1322 tam
787 1257 891 1324 solido
911 1280 1008 1342 quam
1026 1259 1133 1343 splen·

113 1346 198 1411 dido
238 1347 380 1429 nomine3
418 1347 570 1410 virtutem
607 1349 716 1410 autem
750 1346 860 1410 nixam
897 1346 959 1412 boc
995 1346 1131 1412 honesto

112 1434 247 1500 nullam
264 1435 425 1518 requirere
443 1434 645 1517 voluptatem
664 1438 760 1517 atque
780 1433 820 1497 ad
843 1435 938 1498 beate
961 1435 1132 1499 vivendum

115 1545 155 1587 se
180 1522 254 1604 ipsa
278 1543 347 1587 esse
371 1525 567 1587 contentam.
1145 1572 1185 1635 19

79 1633 106 1673 15
191 1609 256 1674 Sed
281 1614 418 1694 possunt
440 1610 520 1674 haee
547 1611 685 1693 quadam
709 1610 834 1674 ratione
857 1609 921 1673 dici
946 1631 1012 1675 non
1035 1609 1131 1675 modo
1152 1649 1184 1698 62

117 1720 189 1763 non
207 1698 477 1783 repugnantibus,
499 1719 610 1762 verum
629 1697 729 1762 etiam
747 1697 1003 1780 approbantibus
1029 1698 1132 1763 nobis.

120 1785 177 1850 Sic
196 1787 281 1850 enim
300 1787 340 1850 ab
359 1784 499 1869 Epicuro
523 1785 652 1868 sapiens
672 1806 799 1868 semper
817 1785 931 1849 beatus
954 1785 1132 1850 inducitur:

119 1874 231 1938 finitas
254 1874 354 1938 habet
373 1874 580 1957 cupiditates,
602 1873 746 1964 neglegit
769 1876 920 1956 mortem,
942 1873 982 1937 de
1005 1873 1053 1938 dis
1073 1873 1132 1937 im-

122 1962 315 2027 mortalibus
343 1963 413 2026 sine
439 1961 508 2026 ullo
536 1964 624 2025 metu
651 1983 727 2026 vera
757 1961 868 2043 sentit,
899 1983 965 2025 non
996 1961 1133 2043 dubitat,

85 2075 112 2114 ro
123 2051 153 2114 si
184 2051 232 2114 ita
263 2051 378 2114 melius
406 2050 463 2132 sit,
495 2049 636 2134 migrare
669 2050 708 2114 de
735 2049 811 2114 vita.
864 2047 925 2113 His
957 2050 1053 2115 rebus
1084 2050 1132 2113 in·

123 2142 264 2202 structus
283 2159 410 2221 semper
432 2137 535 2202 estin
553 2137 729 2220 voluptate.
764 2134 876 2221 Neque
896 2138 982 2202 enim
1004 2142 1132 2221 tempus

124 2231 175 2290 est
205 2225 320 2304 ullum,
353 2247 415 2309 quo
447 2247 513 2290 non
544 2225 617 2308 plus
649 2225 855 2308 voluptatum
886 2225 1007 2290 habeat
1036 2247 1132 2310 quam

124 2315 280 2379 dolorum.
328 2312 414 2378 Nam
442 2317 475 2377 et
501 2313 677 2397 praeterita
707 2316 798 2397 grate
821 2314 968 2377 meminit
991 2316 1024 2377 et
1040 2335 1132 2396 prae·

125 2403 270 2468 sentibus
292 2402 339 2465 ita
362 2401 498 2485 potitur,
526 2403 562 2466 ut
585 2401 835 2482 animadvertat,
861 2404 982 2483 quanta
1004 2400 1071 2465 sint
1094 2423 1132 2464 ea

89 2511 282 2574 aequamque
310 2488 460 2572 iucunda,
487 2509 588 2572 neque
617 2488 736 2571 pendet
763 2510 801 2551 ex
827 2487 959 2569 futuris,
993 2489 1048 2551 sed
1080 2510 1131 2552 ex-

126 2581 249 2662 spectat
265 2578 338 2660 illa,
360 2577 478 2642 fruitur
496 2576 718 2659 praesentibus
743 2576 783 2640 ab
807 2575 910 2658 iisque
928 2575 1027 2656 vitiis,
1050 2597 1132 2659 quae

125 2664 218 2750 paulo
247 2668 321 2730 ante
347 2665 472 2750 collegi,
497 2665 589 2729 abest
607 2663 781 2747 plurimum
799 2667 840 2745 et,
864 2683 937 2729 cum
958 2663 1131 2730 stultorum

126 2754 223 2818 vitam
253 2775 325 2818 cum
349 2775 407 2817 sua
429 2756 608 2836 comparat,
636 2772 755 2836 magua
783 2751 923 2816 afficitur
950 2751 1129 2837 voluptate3

128 2843 249 2907 dolores
269 2845 377 2906 autem
400 2841 428 2905 si
451 2841 505 2924 qui
528 2841 704 2923 incurrunt,
726 2862 901 2924 numquam
920 2841 985 2904 vim
1003 2845 1131 2905 tantam

92 2931 256 3012 rehabent,
290 2934 327 2994 ut
353 2951 419 2995 non
445 2929 518 3012 plus
545 2927 663 2992 habeat
695 2928 836 3012 sapiens,
869 2929 952 3013 quod
985 2929 1130 3012 gaudeat,

128 3038 218 3103 quam
253 3018 338 3101 quod
371 3021 515 3102 angatur.
569 3016 698 3099 Optime
730 3038 804 3080 vero
835 3015 1009 3100 Epicurus,
1045 3016 1130 3099 quod
1149 3029 1183 3076 63

128 3106 269 3191 exiguam
289 3105 370 3169 dixit
389 3104 552 3170 fortunam
571 3104 764 3169 intervenire
784 3104 934 3188 sapienti,
958 3104 1128 3168 maximas·

129 3217 184 3278 que
207 3194 247 3259 ab
267 3215 304 3258 eo
323 3196 356 3256 et
374 3192 582 3278 gravissimas
601 3214 652 3256 res
672 3192 808 3257 consilio
827 3192 930 3275 ipsius
950 3195 982 3254 et
1004 3191 1129 3256 ratione

129 3281 354 3364 administrari,
382 3302 485 3364 neque
513 3280 668 3344 maiorem
695 3279 896 3362 voluptatem
929 3301 968 3343 ex
1002 3278 1128 3344 infinito

92 3375 265 3454 ertempore
289 3369 407 3434 aetatis
431 3368 552 3452 percipi
574 3373 683 3451 poese,
711 3389 807 3451 quam
830 3389 869 3432 ex
891 3366 951 3431 hoc
973 3367 1128 3449 percipia—
1171 3413 1176 3425 ,
1219 3423 1224 3434 .

128 3463 186 3542 tur,
208 3458 294 3542 quod
317 3457 481 3521 videamus
505 3476 575 3520 esse
597 3455 733 3519 finitum.
769 3455 809 3519 In
827 3454 996 3519 dialectica
1019 3458 1127 3518 autem

128 3549 228 3612 restra
245 3546 369 3612 nullam
388 3543 584 3609 existimavit
602 3564 671 3608 esse
689 3564 748 3608 neo
767 3543 806 3608 ad
824 3542 938 3607 melius
956 3543 1126 3607 vivendum

875 3644 911 3698 8*
