2564 3952
140 211 206 275 334
335 208 634 264 TUSCULANARUM
652 205 955 262 DISPUTATIONUH

141 373 302 455 odiosum,
330 376 443 437 contra
468 375 619 436 naturam
648 370 772 452 dicunt,
801 390 861 434 nec
883 373 994 434 tamen
1019 369 1151 433 malum

141 460 216 544 Hic,
239 461 294 544 qui
318 461 423 525 solum
446 459 509 525 hoo
532 459 652 522 malum
674 458 753 522 dicit
775 458 987 522 etmalorum
1006 457 1151 523 omnium

89 564 122 612 18
142 553 334 633 extremum,
357 548 537 631 sapientem
560 550 670 610 censet
691 545 725 610 id
749 567 846 610 suave
870 545 1038 610 dicturum
1078 543 1151 629 Hgo
1265 581 1267 590 =

141 643 216 703 ate
238 659 304 701 non
326 638 470 719 postulo,
496 639 533 699 ut
561 633 706 699 dolorem
730 633 851 698 eisdem
876 633 985 698 verbis
1008 632 1152 715 adficias,

142 726 258 810 quibus
286 724 447 808 Epicurus
475 723 718 806 [voluptatem],
740 720 852 805 homo,
874 725 912 786 ut
935 723 1010 804 scia,
1039 721 1177 804 volup-a

141 814 252 878 tarius.
303 811 363 876 Illa
392 812 510 877 dixerit
541 833 618 875 sane
650 809 734 874 idem
765 810 801 873 in
832 809 1015 874 Phalaridis
1048 814 1153 888 tauro,

142 901 241 986 quod,
264 901 292 965 si
315 904 400 965 esset
421 901 456 964 in
478 899 611 982 lectulo3
636 919 696 982 ego
718 901 845 962 tantam
863 897 929 961 vim
950 919 1018 963 uon
1039 897 1151 961 tribuo

143 989 320 1073 sapientiae
339 992 451 1053 contra
470 988 623 1053 dolorem.
659 983 694 1050 Si
711 985 808 1050 fortis
828 986 929 1050 estin
952 984 1151 1070 perferendo,

142 1078 249 1142 officio
264 1078 344 1142 satis
359 1081 422 1160 est,
440 1080 478 1140 ut
494 1076 635 1140 laetetur
653 1075 761 1158 etiam,
778 1096 845 1139 non
858 1075 999 1158 postulo.
1030 1072 1151 1138 Tristis

143 1165 228 1230 enim
255 1186 307 1229 res
330 1165 471 1228 estsine
494 1163 608 1246 dubio,
635 1185 764 1247 aspera,
794 1184 917 1246 amara,
939 1161 1074 1226 inimica
1094 1183 1151 1225 na·
1165 1186 1190 1224 ιο

89 1269 122 1315 ro
142 1258 247 1337 turae,
271 1252 310 1316 ad
333 1251 522 1334 patiendum
543 1251 812 1336 tolerandumque
834 1249 987 1316 difficilis.
1031 1250 1151 1333 Aspice

141 1340 370 1421 Philoctetam,
406 1340 458 1403 cui
495 1338 733 1404 concedendum
768 1342 817 1403 est
852 1338 1007 1423 gementi3
1044 1339 1151 1422 ipsum

141 1428 227 1492 enirn
250 1427 423 1493 Herculem
445 1427 571 1492 viderat
592 1427 627 1492 in
650 1426 733 1491 Oeta
755 1427 979 1511 magnitudine
1002 1426 1152 1491 dolorum

142 1517 324 1582 eiulantem.
360 1515 454 1582 Nihil
476 1517 577 1600 igliur
598 1515 684 1580 hunc
702 1516 808 1580 virum
827 1515 981 1599 sagittae,
1004 1535 1086 1597 quas
1110 1515 1151 1578 ab

140 1605 278 1670 Hercule
302 1609 482 1689 acceperat,
505 1608 575 1670 tum
599 1604 818 1687 consolantur,
842 1625 915 1668 oum
1165 1626 1190 1665 u

184 1729 212 1793 H
236 1728 412 1813 viperino
436 1730 562 1793 morsu
586 1749 702 1792 venae
726 1725 915 1791 viscerum

185 1815 343 1882 Vene'no
367 1817 528 1881 inbutae
551 1818 700 1881 taetros
724 1815 918 1880 cruciatus
942 1815 1071 1892 cient„

140 1940 254 2025 Itaque
277 1940 438 2005 exclamat
461 1939 615 2004 auxilium
638 1942 802 2023 expetens,
825 1939 908 2004 mori
932 1938 1077 2022 cupiens=

184 2061 278 2126 Heul
301 2061 367 2147 qui
387 2062 504 2126 salsis
526 2061 718 2127 fluetibus
741 2061 895 2126 mandet

184 2148 242 2212 Me
265 2170 309 2213 ex
332 2149 500 2212 sublimo
526 2149 671 2214 vertice
694 2149 801 2214 saxi?
1166 2171 1191 2211 au

185 2236 265 2301 Iam
287 2238 363 2301 ianr
387 2235 580 2320 absumor,
603 2235 765 2302 conficit
784 2239 946 2302 animam

229 2324 298 2390 Vis
322 2324 507 2407 volneris,
529 2325 671 2390 ulceris
694 2327 835 2390 aestus.

140 2449 281 2514 Difficile
300 2449 387 2514 dictu
405 2448 533 2514 videtur
551 2471 624 2514 eum
641 2470 708 2514 non
725 2449 760 2512 in
775 2447 861 2514 malo
882 2469 962 2534 esse,
979 2452 1012 2513 et
1029 2470 1151 2534 magno

95 2596 114 2659 8
142 2537 283 2622 quidem,
307 2537 362 2622 qui
384 2537 432 2601 ita
454 2538 594 2602 clamare
617 2541 760 2621 cogatur.

88 2674 121 2722 20
208 2623 270 2690 Sed
297 2624 462 2691 videamus
493 2624 666 2690 Herculem
697 2625 819 2708 ipsum,
851 2625 906 2708 qui
937 2629 1008 2689 tum
1040 2625 1151 2692 dolore
1166 2647 1191 2686 aa

140 2711 361 2798 frangebatur,
380 2734 452 2777 oum
470 2711 738 2778 inmortalitatem
755 2713 829 2794 ipsa
843 2715 946 2776 morte
966 2713 1152 2797 quaerebat

141 2800 227 2877 Quas
254 2799 308 2864 hic
335 2821 429 2864 voces
455 2800 541 2885 apud
569 2797 762 2884 Sophoclem
789 2801 824 2864 in
854 2798 1037 2865 Trachiniis
1070 2801 1151 2867 editi

142 2889 192 2952 oui
216 2910 287 2954 eum
310 2886 464 2952 Deianira
486 2889 644 2972 sanguine
668 2885 823 2953 Centauri
845 2887 982 2954 tinctam
1006 2889 1151 2954 tunicam

141 2975 299 3041 induisset
321 2974 577 3061 inhaesissetque
602 2998 639 3042 ea
661 2976 851 3054 visceribus,
878 2976 925 3040 ait
946 2977 1016 3040 ille:

185 3099 211 3164 0
235 3099 355 3164 multa
379 3097 483 3164 dictu
507 3099 655 3184 gravia,
677 3119 861 3183 perpessu
884 3100 1035 3183 aspera,
1164 3120 1189 3161 so

185 3186 287 3263 Quae
305 3189 465 3270 corpore
484 3188 688 3252 exanclato
707 3191 823 3271 atque
842 3188 969 3252 animo
988 3189 1150 3270 pertulit

183 3275 216 3340 N
222 3296 262 3339 ec
284 3274 377 3339 mihi
401 3273 558 3339 Iunonis
580 3277 708 3339 te'rror
728 3275 984 3359 inplacabilis

184 3361 262 3426 Nec
284 3365 434 3426 tanturn
457 3362 607 3426 invexit
628 3360 757 3426 tristis
776 3361 1020 3446 Eurystheus
1043 3365 1153 3450 mali,

184 3448 376 3523 Quantum
398 3453 474 3513 uua
495 3468 655 3512 raeaors
678 3448 795 3513 Oenei
817 3453 931 3533 partu
953 3448 1067 3515 edita.

184 3533 286 3599 Haeo
308 3556 364 3600 me
386 3534 569 3600 inretivit
590 3537 697 3600 veste
719 3537 856 3601 furiali
878 3535 1054 3622 inscium,
1165 3559 1188 3600 aa
