2544 3952
4 359 5 368 Ν
346 286 863 353 LIB.V.OAP.7—9.§18-24.
1041 287 1106 351 433

4 375 8 420 l

4 431 10 480 5
96 451 166 513 tute
191 446 249 538 sit,
271 447 353 512 nihil
378 469 447 512 esse
470 448 534 512 nisi
557 448 711 513 virtutem
734 449 863 514 bonum.
903 445 965 512 Sed
986 447 1106 514 Brutus

97 539 173 600 tuus
197 539 327 600 auctore
346 533 459 600 Aristo
483 539 517 600 et
534 536 696 602 Antiocho
714 558 780 601 non
800 538 898 600 sentit
915 536 990 620 hoc,
1013 541 1108 620 putat

4 655 6 694 r
97 625 198 705 enim,
223 623 351 692 etiamsi
375 624 417 688 sit
440 625 562 690 bonurn
585 625 693 708 aliquo
736 629 864 709 praeter
885 625 1048 690 virtutem.

163 718 210 776 M.
243 710 328 788 Quid
359 711 481 797 igitur?
514 719 626 778 contra
657 712 684 776 Β
741 735 836 778 unane
866 735 916 777 nie
946 713 1106 778 dicturum

68 799 215 886 epotas?
838 839 842 848 ι

163 888 204 952 Α.
236 887 284 952 Tu
311 909 400 970 vero,
427 889 465 952 ut
492 887 631 972 videtur3
661 911 738 953 narn
765 890 935 972 praefinire
962 911 1028 954 non
1057 892 1107 954 est

96 999 212 1041 meum.

164 1071 209 1128 Μ.
233 1063 317 1140 Quid
336 1064 451 1148 cuique
469 1062 570 1149 igitur
588 1068 840 1129 consentaneum
860 1066 917 1148 sit,
941 1066 1004 1136 alio
1024 1065 1105 1130 loco.
1124 1081 1158 1128 aa

96 1151 184 1218 Nam
207 1152 272 1217 ista
296 1152 377 1216 mihi
401 1156 433 1216 et
455 1173 528 1217 cnm
546 1150 709 1218 Antiocho
729 1174 825 1236 saepe
849 1157 882 1217 et
904 1175 976 1218 eum
994 1154 1106 1219 Aristo

55 1269 82 1308 ιο
95 1263 213 1324 nuper,
241 1263 314 1305 cum
337 1240 474 1304 Athenis
502 1241 678 1324 imperator
706 1241 791 1325 apud
815 1262 886 1306 eum
915 1242 1107 1324 deversarer,

4 1333 19 1348 ’”
97 1328 256 1394 dissensio
288 1327 365 1402 fuit„
413 1327 496 1393 Mihi
529 1330 613 1392 enirn
644 1351 710 1394 non
737 1330 907 1394 videbatur
937 1330 1107 1415 quisquam

97 1439 169 1482 esse
188 1418 302 1482 beatus
321 1438 430 1500 posse,
454 1439 527 1481 cum
545 1417 579 1480 in
598 1417 692 1481 malis
712 1420 809 1501 esset3
832 1419 867 1482 in
884 1418 979 1482 malis
999 1423 1106 1482 autern

99 1506 280 1590 sapientem
304 1527 374 1570 esse
396 1527 507 1588 posse,
530 1504 558 1569 si
581 1509 688 1569 essent
710 1507 777 1570 ulla
799 1505 941 1588 corporis
965 1509 1021 1570 ant
1043 1505 1107 1571 for·

96 1599 196 1659 tunae
228 1594 325 1658 mala.
378 1591 578 1658 Dicebantur
608 1592 701 1675 haec,
733 1615 814 1677 quae
846 1594 977 1676 scripsit
1008 1593 1106 1659 etiam

55 1710 83 1748 ιε,
97 1682 280 1747 Antiochus
320 1681 401 1746 locis
438 1681 602 1765 pluribus,
638 1682 792 1746 virtutem
833 1682 938 1765 ipsam
974 1704 1032 1765 per
1073 1705 1106 1746 se

4 1765 7 1842 l
97 1771 228 1835 beatam
245 1770 350 1834 vitam
368 1769 492 1834 efficere
511 1789 606 1853 posse
623 1789 726 1853 neque
744 1773 853 1834 tamen
871 1769 1106 1854 beatissimam

95 1859 210 1924 deinde
230 1879 269 1922 ex
287 1857 408 1923 maiore
427 1862 519 1941 parte
538 1857 708 1941 plerasque
722 1878 773 1920 res
788 1856 958 1940 nominari,
977 1859 1107 1922 etiamsi

96 1968 177 2032 quae
205 1968 280 2031 pars
308 1947 448 2024 abesset,
476 1949 512 2010 ut
539 1946 638 2028 vires,
672 1949 709 2010 nt
734 1946 966 2031 valetudinem,
995 1951 1031 2010 ut
1061 1946 1106 2010 di·

95 2035 208 2118 vitias,
240 2038 277 2098 ut
307 2032 476 2117 honorem,
508 2037 544 2098 ut
576 2033 729 2118 gloriam,
764 2056 845 2117 quae
878 2055 1006 2120 genere,
1041 2057 1106 2100 non

54 2145 230 2199 annumero
258 2125 478 2205 cernerentur3
506 2121 585 2186 item
614 2123 741 2186 beatam
771 2123 885 2204 vitam,
913 2123 1041 2188 etiarnsi
1068 2146 1106 2189 ex

5 2207 9 2298 l
97 2212 207 2296 aliqua
230 2215 323 2294 parte
347 2210 524 2292 clauderet,
547 2213 658 2274 tamen
681 2232 720 2274 ex
743 2211 847 2277 multo
870 2212 992 2278 maiore
1015 2215 1107 2296 parte

97 2299 245 2365 obtinere
267 2319 386 2363 nornen
410 2321 512 2363 suum.
561 2297 650 2362 Haec
672 2320 758 2364 nnnc
781 2300 947 2364 enucleare
969 2322 1035 2365 non
1060 2301 1107 2364 ita
1125 2315 1159 2364 23

95 2409 227 2453 necesse
251 2389 313 2468 est,
341 2407 536 2470 quamquam
559 2408 625 2451 non
648 2387 910 2452 constantissime
939 2388 1003 2452 dici
1025 2388 1106 2452 mihi

96 2476 255 2541 videntur.
291 2475 377 2540 Nam
397 2478 442 2558 et,
460 2476 519 2558 ¹qui
538 2475 651 2540 beatus
673 2477 735 2553 est,
757 2496 823 2540 non
845 2475 1011 2560 intellego,
1029 2477 1107 2560 quid

56 2591 82 2632 aa
96 2564 254 2648 requirat,
281 2567 318 2628 nt
345 2562 388 2627 sit
415 2563 541 2627 beatior
568 2560 611 2646 (si
639 2565 689 2626 est
711 2562 810 2645 enim,
840 2564 925 2647 quod
947 2564 1043 2646 desit,
1066 2587 1106 2630 ne

98 2653 214 2718 beatus
242 2651 372 2736 quidem
399 2649 476 2735 est),
503 2654 548 2734 et,
575 2649 660 2734 quod
684 2673 722 2715 ex
745 2652 866 2724 maiore
893 2655 985 2735 parte
1007 2675 1106 2718 unam

96 2762 256 2824 quamque
275 2761 344 2804 rem
368 2739 524 2823 appellari
548 2739 749 2822 spectarique
773 2740 899 2821 dicunt,
923 2743 972 2804 est
994 2741 1051 2804 uhi
1073 2741 1106 2805 id

95 2831 160 2894 isto
184 2827 280 2893 modo
302 2827 426 2910 valeat,
450 2849 521 2892 oum
540 2848 621 2891 vero.
635 2828 699 2892 tria
721 2848 841 2913 genera
859 2829 1017 2893 malorum
1036 2850 1106 2893 esse

98 2918 221 2999 dicant,
245 2916 301 3001 qui
323 2914 460 2980 duorum
484 2935 636 2997 generum
655 2916 752 2981 malis
771 2916 921 2981 omnibus
944 2919 1123 3001 urgeatur,

57 3033 83 3072 ao
97 3009 133 3070 ut
153 3005 262 3071 omnia
280 3004 417 3069 advorsa
436 3004 502 3068 sint
523 3003 557 3067 in
580 3003 724 3088 fortuna,
748 3005 897 3070 omnibus
916 3026 1106 3090 oppressum

97 3116 213 3179 eorpus
225 3098 257 3158 et
268 3091 448 3157 confectum
457 3091 632 3176 doloribus,
645 3091 721 3157 huic
734 3094 907 3176 paulumne
922 3094 963 3158 ad
976 3094 1105 3158 beatam

95 3185 198 3248 ultam
221 3180 332 3246 deesse
355 3181 512 3262 dicemus,
534 3201 601 3244 non
622 3180 719 3246 modo
743 3181 783 3245 ad
805 3180 1049 3247 beatissimam?

163 3270 234 3335 Hoc
261 3269 343 3333 illud
372 3272 434 3352 est,
463 3267 547 3352 quod
574 3267 817 3354 Theophrastus
851 3271 1008 3336 sustinere
1040 3241 1159 3368 non294
1201 3238 1210 3262 ί

8 3437 9 3440 ¹
96 3359 212 3444 potuit.
256 3357 438 3423 Nemeum
465 3357 632 3422 statuisset
658 3357 805 3441 verbera,
832 3361 1007 3441 tormenta,
1036 3381 1105 3423 cru·

57 3473 83 3514 os
98 3448 213 3531 ciatus,
241 3447 365 3530 patriae
393 3444 588 3526 eversiones,
622 3445 731 3529 exilia,
763 3447 920 3512 orbitates
952 3466 1106 3531 magnam

97 3537 163 3600 vini
195 3535 316 3599 habere
348 3533 389 3599 ad
420 3534 505 3598 male
537 3533 715 3618 misereque
747 3533 930 3615 vivendum,
961 3557 1027 3600 non
1057 3539 1107 3600 est

8 3667 10 3690 i
98 3646 194 3689 ausus
218 3625 302 3689 elate
326 3625 358 3687 et
375 3622 482 3706 ample
505 3621 606 3706 loqui,
630 3645 703 3688 cunr
720 3623 887 3687 humiliter
904 3623 1104 3709 demisseque

8 3711 10 3778 l
150 3737 296 3779 oro.1v.1.
907 3731 942 3781 28
