2568 3948
413 193 674 252 ARGUMENTUM
691 195 759 251 LIB.
778 196 825 254 IV.
1056 197 1120 262 201

115 351 200 405 boote
227 351 379 406 vivendum
401 351 554 433 pertineat,
583 357 615 408 ut
643 353 783 409 introduci
811 354 923 411 omnino
950 372 1006 412 non
1032 357 1124 426 possit

117 421 219 488 virtus,
250 421 306 476 nisi
338 439 444 490 omnis,
477 439 549 491 quae
579 423 658 492 leget
685 441 810 492 quaeque
838 425 948 492 reiciat,
976 427 1012 479 sd
1039 427 1124 480 finem

117 491 229 546 referet.
266 491 491 548 conservandam
510 509 569 547 esse
592 493 712 562 primum
733 497 850 549 nuturee
873 495 1076 550 institutionem
1095 499 1125 551 et

116 563 208 616 totam
236 562 358 617 hominis
384 565 513 617 naturam
540 564 674 618 tuendum
701 565 773 633 (cap.
802 566 855 632 rt).
903 566 1001 633 Itaque
1029 581 1124 620 omnes

118 647 224 698 errare,
252 633 352 700 quiin
374 651 431 688 unu
452 632 556 688 virtute
579 633 664 688 finem
686 635 805 703 ponunt,
829 651 954 704 quaeque
978 635 1065 698 Stoici
1089 636 1124 689 de

117 701 222 756 virtute
245 701 353 770 dicant,
382 719 416 757 ee
437 703 473 758 iis
496 703 655 758 communis
678 720 737 758 esse
760 721 823 758 cum
845 705 987 775 Pyrrhone
1010 707 1040 760 et
1063 704 1123 760 Ari·

117 777 213 840 stone,
232 789 302 840 quos
319 790 376 827 non
394 773 514 842 probent
531 775 602 842 (cap.
624 775 675 842 16).
712 773 786 828 Mele
808 777 903 829 autem
921 775 1042 842 Stoicos,
1062 791 1124 829 cum

117 841 155 896 ud
178 859 316 895 summum
344 843 448 897 bonnm
473 843 514 896 ite
536 843 727 912 pervenerint,
753 845 785 898 ut
808 860 825 898 u
846 847 947 900 nature
970 845 1124 912 discedunt,

116 911 221 966 reverti
244 913 280 967 ud
303 914 444 979 naturum,
467 916 499 967 ut
521 913 586 967 inde
609 913 713 983 egendi
730 913 868 984 principie
887 916 1033 983 queemnt3
1058 931 1125 968 num

118 981 226 1051 omnia,
250 999 321 1050 quse
343 986 524 1053 appetentur,
548 983 637 1038 inesse
660 983 760 1039 debere
782 983 812 1038 in
835 985 1047 1053 summobono,
1073 1001 1126 1038 nec

119 1052 205 1106 officii
232 1052 371 1108 rationem
393 1052 536 1108 hominem
558 1053 702 1124 impellere
731 1054 768 1106 ud
789 1055 930 1110 ueturslic
956 1055 1125 1125 appetenda,

119 1123 168 1175 sed
191 1121 227 1176 eb
250 1122 284 1176 iis
309 1125 338 1176 et
361 1123 500 1178 actionem
519 1124 548 1177 et
570 1123 773 1194 oppetitionem
791 1125 961 1179 commoveri
979 1127 1050 1194 (cup.
1072 1127 1124 1194 1⁷).

117 1191 227 1246 Deinde
234 1191 334 1248 'Cicero
348 1193 472 1248 ostendit
484 1193 514 1247 iu
529 1193 709 1248 consectariis
722 1195 887 1263 Stoicorum,
903 1195 1001 1263 quibus
1016 1193 1125 1250 efficere

117 1262 209 1316 velint
223 1263 437 1332 omnebonum,
456 1264 522 1332 quia
535 1263 676 1318 laudabile
691 1263 739 1330 sit,
758 1281 819 1319 esse
832 1265 993 1332 honestum,
1012 1265 1126 1319 ceteris·

119 1348 172 1400 qne
197 1348 230 1387 es
254 1333 290 1387 ed
313 1333 537 1388 concludendum
559 1334 643 1398 sumi,
668 1349 739 1401 quae
761 1351 818 1388 non
842 1335 1029 1390 conceduntur
1051 1337 1125 1404 (cup.

120 1405 172 1470 18).
199 1401 297 1458 Acutis
311 1402 470 1458 Stoicorum
486 1403 717 1458 conclusiunculis
730 1405 817 1458 verbu
832 1405 945 1474 corrigi,
964 1421 1020 1460 uon
1033 1421 1125 1459 mores

118 1473 269 1527 emendari.
307 1473 389 1539 Quod
407 1473 495 1528 Stoici
513 1473 669 1528 constantis
687 1473 774 1528 totius
789 1473 932 1529 doctrinae
946 1477 1026 1530 tanto
1041 1491 1125 1544 opere

118 1541 287 1611 glorientur,
314 1543 444 1612 intellegi
470 1543 585 1610 debere,
613 1561 677 1597 cum
702 1543 776 1598 falsu
801 1547 1018 1612 consequentur,
1043 1544 1126 1599 initis

117 1613 181 1678 ille,
207 1627 222 1666 e
246 1612 346 1680 quibus
368 1615 440 1668 haec
465 1615 680 1680 consequuntur,
704 1613 767 1681 ipsa.
784 1612 856 1668 falsu
875 1630 942 1668 esse.
980 1614 1125 1668 Paradoxu

117 1681 199 1736 initio
218 1683 368 1751 magnifice
385 1683 447 1738 vise
464 1699 538 1748 esse,
556 1699 621 1738 mox
639 1683 817 1752 splendorem
835 1683 961 1738 emisisse
979 1685 1052 1753 (cap.
1072 1687 1124 1752 19).

117 1751 213 1820 Ipsum
234 1753 375 1806 Zenonem
398 1769 433 1807 eu
457 1753 497 1808 sic
519 1752 728 1822 interpretando
751 1752 874 1821 mollire,
897 1757 929 1807 ut
952 1753 1015 1808 eliis
1032 1753 1125 1808 verbis

118 1822 194 1876 idem
217 1821 306 1892 dicct,
334 1822 409 1890 quod
431 1825 551 1888 veterem
579 1823 629 1876 scd
652 1822 676 1876 si
700 1822 837 1878 sententie
864 1824 962 1878 eedem
988 1824 1037 1890 sit,
1065 1840 1125 1878 non

119 1891 242 1946 dubitari
264 1909 360 1961 posse,
384 1892 451 1961 quin
472 1892 516 1946 illi
538 1893 631 1947 verbis
653 1893 825 1948 commodius
848 1895 962 1947 utuntur
979 1895 1051 1962 (cup.
1070 1897 1124 1963 20),

116 1961 214 2029 itaque
237 1961 273 2015 de
296 1962 441 2016 sententiis
463 1963 615 2017 videndum
638 1979 707 2016 esse.
747 1962 790 2017 Ab
816 1963 873 2018 illis
900 1963 987 2032 igitur
1013 1965 1125 2018 beatum

117 2031 206 2086 vitum
220 2031 354 2086 constitui
368 2048 401 2086 ex
416 2032 545 2088 omnibus
558 2031 726 2102 commodis,
744 2032 860 2101 sedite,
878 2036 911 2088 ut
926 2034 1010 2116 longe
1025 2033 1126 2088 ceteris

117 2102 206 2156 virtus
229 2101 395 2170 antecellet,
418 2118 470 2157 nec
492 2104 555 2171 plus
578 2102 702 2172 corporis
726 2105 756 2156 et
779 2104 898 2158 externis
922 2104 1002 2158 bonus
1025 2103 1060 2158 ub
1088 2103 1125 2158 iis

116 2171 258 2226 tribuetur
276 2188 360 2240 quem
378 2189 395 2226 e
413 2171 535 2240 Zenone,
554 2172 602 2240 qui
620 2188 654 2226 eu
671 2173 746 2227 bone
763 2190 820 2227 non
838 2175 963 2243 appellet
981 2177 1051 2243 (cap.
1070 2177 1124 2244 21).

117 2243 216 2310 Itaque
245 2241 279 2295 de
302 2258 332 2296 re
354 2241 461 2297 nullum
484 2259 543 2297 esse
569 2242 781 2311 dissensionem,
811 2244 949 2298 Zenonem
976 2245 1126 2298 verborum

118 2311 328 2382 magnificentie
356 2327 415 2366 esse
443 2311 626 2380 delectatum,
654 2329 671 2367 u
694 2329 749 2381 quo
771 2315 881 2367 veteres
903 2313 969 2368 illos
991 2313 1126 2368 (letonem

119 2380 1126 2508 {emeruisset-lenitdestituturus&

120 2538 175 2588 quo
200 2519 269 2575 Ceto
294 2522 429 2577 docuerat
451 2539 546 2577 omnes
568 2521 732 2591 insipientes
750 2537 839 2590 seque
858 2538 918 2576 esse
938 2522 1067 2588 miseros3
1085 2495 1125 2576 les

119 2589 263 2645 ustionem
281 2593 356 2645 enim
373 2591 506 2646 vitiorum
524 2591 584 2646 fieri
599 2591 722 2646 ostendit
734 2594 806 2714 gosp.
822 2597 855 2645 23
871 2594 900 2645 et
913 2593 967 2660 24).
995 2591 1032 2645 Et
1050 2593 1125 2660 quod
1192 2645 1196 2655 ,

120 2660 209 2714 virtus
223 2677 347 2716 crescere
360 2678 416 2717 non
434 2677 517 2731 posse
536 2662 657 2728 dicutur,
677 2663 706 2714 et
723 2661 733 2715 i
754 2677 787 2716 eo
803 2661 896 2716 omniu
910 2661 981 2716 vitiu
995 2661 1127 2729 aequalis

121 2746 194 2798 esse,
212 2729 306 2799 potius
320 2748 355 2785 ex
368 2730 571 2800 inaequalitate
584 2731 717 2786 vitiorum
731 2731 861 2786 concludi
877 2731 978 2786 debere
991 2732 1126 2786 virtutem

121 2800 244 2855 crescere
268 2803 339 2870 (cup.
359 2805 412 2870 24).
453 2801 486 2855 In
507 2803 558 2856 hes
582 2817 677 2856 omnes
701 2801 844 2872 angustias
869 2801 978 2856 Stoicos
1003 2801 1125 2857 incidere

119 2872 236 2938 propter
253 2871 406 2940 gloriosam
421 2872 645 2926 ostentationem.
673 2871 746 2925 Nem
763 2871 828 2925 tolli
841 2871 896 2926 iste
909 2872 1018 2927 ratione
1033 2870 1135 2927 officiu'

120 2942 149 2993 et
170 2940 246 2994 vitae
269 2941 421 3008 ectionem,
445 2944 478 2995 nt
500 2943 536 2996 eb
559 2941 700 3008 Aristone3
727 2941 776 2995 sed
794 2941 952 2997 Aristonem
971 2942 1125 3011 simplicius

119 3026 217 3078 agere,
236 3011 346 3066 Stoicos
363 3013 476 3066 versute
494 3012 624 3066 inducere
648 3011 712 3066 eliis
734 3011 891 3066 nominibus
911 3013 1029 3066 eeudem
1047 3011 1125 3067 diffe-

110 3080 252 3152 rentiam,
271 3099 356 3149 quum
373 3084 482 3136 veteres
500 3081 642 3136 tenuerint
660 3085 731 3151 (cup.
752 3085 805 3150 25).
836 3082 1010 3152 Proegmens
1027 3082 1078 3136 ille
1097 3084 1126 3135 et

118 3153 544 3276 tildlissttltttlltlt
560 3151 1125 3302 leli’erlnltiiritlrlrtlu

118 3290 142 3343 si
165 3290 228 3358 quis
250 3291 365 3373 propius
389 3240 557 3362 aspexefipp
569 3292 640 3346 nihil
662 3291 767 3346 hebere
791 3291 965 3345 admirabile.
1008 3263 1125 3357 Similis:

118 3359 219 3428 quibus
238 3377 332 3416 omnic
349 3364 467 3431 peccate
483 3362 565 3432 peria
584 3377 643 3416 esse
663 3362 879 3428 demonstretur,
899 3359 1045 3414 dissimilis
1064 3377 1125 3416 esse

118 3432 190 3499 (cup.
211 3435 264 3500 27).
294 3431 412 3488 Omnino
432 3431 542 3486 Stoicos
560 3431 680 3488 maxime
698 3447 732 3486 eo
750 3431 820 3485 vitio
838 3431 941 3499 premi,
961 3431 1033 3499 quod
1055 3431 1124 3486 dues

117 3499 274 3554 contraries
292 3502 445 3574 sententies
465 3501 591 3557 obtinere
608 3501 698 3579 velint
716 3503 787 3570 (cup.
807 3504 860 3568 28).
