2574 3956
160 191 223 254 158
322 191 370 246 DE
388 189 533 246 FINIBUS
551 188 732 245 BONORUM
749 189 796 243 ΕΤ
816 187 998 245 mortun

158 354 246 418 vesei
273 353 388 418 Persas
418 372 488 416 esse
512 352 625 416 solitos
649 350 763 416 scribit
785 349 982 434 Xenophon,
1014 374 1112 437 quam
1135 352 1171 416 in

160 440 370 525 Syracusanis
403 439 539 522 mensis,
574 461 656 524 quae
694 461 713 502 a
745 438 879 502 Platone
912 439 1056 522 graviter
1087 439 1171 504 vitu-

158 534 328 615 perantur;
352 529 407 610 sit,
430 529 577 611 inquam,
599 531 668 591 tam
688 526 808 610 facilis,
832 547 929 627 quam
948 528 1060 611 vultis,
1084 550 1170 594 com·

159 617 286 706 paratio
319 617 511 699 voluptatis,
548 615 624 700 quid
662 614 700 679 de
733 614 843 679 dolore
877 615 1041 679 dicemus?
1079 616 1170 680 cuius

159 709 253 779 tanta
280 707 442 770 tormenta
470 706 557 787 sunt,
585 708 622 766 ut
649 703 684 766 in
711 703 750 766 iis
778 703 875 766 beata
901 705 984 787 vita,
1016 703 1045 768 si
1072 704 1169 768 modo
1199 730 1216 771 5

160 794 250 858 dolor
282 815 443 869 summum
475 791 596 856 malum
629 795 692 873 est,
727 811 797 854 esse
829 812 895 854 non
925 790 1040 874 possit.
1093 791 1170 874 Ipse

159 884 245 946 enim
267 881 482 962 Metrodarus,
509 900 612 963 paene
640 879 722 943 alter
743 877 916 961 Epicurus,
944 879 1075 944 beatum
1098 900 1170 944 esse

158 969 311 1034 describit
341 969 392 1034 his
423 969 496 1032 fere
523 967 645 1032 verbis:
677 965 761 1030 ‘cum
792 987 906 1048 corpus
938 967 1020 1032 bene
1049 969 1169 1032 consti·

158 1060 265 1122 tutum
287 1057 331 1122 sit
354 1061 387 1121 et
409 1057 453 1120 sit
475 1056 676 1138 explanatum
701 1053 750 1118 ita
771 1052 938 1118 futurum?
985 1055 1038 1120 An
1059 1055 1094 1119 id
1116 1077 1170 1120 ex-

158 1146 321 1228 ploratum
359 1144 507 1229 cuiquam
539 1147 652 1227 potest
684 1163 767 1219 esse,
804 1163 866 1226 quo
904 1143 999 1208 modo
1038 1164 1071 1208 se
1106 1143 1171 1208 hoc
1186 1171 1215 1210 rc

158 1233 345 1297 habiturum
378 1232 422 1296 sit
454 1252 583 1315 corpus,
613 1252 680 1313 non
708 1230 778 1302 dico
812 1231 852 1293 ad
880 1252 1015 1315 annum,
1043 1232 1098 1295 sed
1128 1233 1170 1296 ad

159 1320 349 1404 vesperum?
404 1319 507 1384 Dolor
538 1319 653 1404 igitur,
685 1318 719 1382 id
756 1321 812 1384 est
842 1339 1002 1382 summum
1038 1320 1171 1404 malum,

47 1432 48 1436 ¹
158 1411 318 1472 metuetur
355 1429 500 1490 semper,
542 1407 669 1472 etiamsi
707 1427 775 1471 non
816 1407 935 1488 adscit,
976 1407 1041 1471 iam
1082 1408 1170 1472 enim
1281 1415 1282 1418 ’

159 1496 270 1562 adesse
300 1496 430 1579 poterit.
480 1495 544 1572 Qui
570 1497 686 1580 potest·
705 1493 807 1579 igitur
833 1494 981 1565 habitare
1013 1494 1050 1560 in
1071 1495 1170 1560 beata
1281 1525 1282 1530 ¹

106 1607 139 1655 93
158 1585 226 1648 vita
253 1584 370 1650 summi
398 1585 475 1650 mali
503 1583 631 1648 metus?
680 1581 844 1667 Traditur,
871 1583 991 1666 inquit,
1021 1583 1063 1658 ab
1090 1584 1213 1666 Epi-15
1280 1577 1282 1670 i

159 1695 235 1738 curo
258 1673 341 1738 ratio
365 1672 557 1758 neglegendi
587 1672 715 1737 doloris
764 1669 834 1734 Iam
861 1671 894 1733 id
921 1672 1028 1754 ipsum
1057 1672 1169 1747 atsur·
1281 1695 1282 1728 3

159 1761 248 1844 dum,
280 1761 456 1826 maximum
486 1761 609 1825 malum
640 1758 779 1843 neglegi.
835 1757 897 1823 Sed
929 1781 1010 1843 quae
1037 1757 1170 1840 tandem
1281 1773 1282 1804 ³

158 1851 222 1914 ista
252 1851 336 1914 ratic
369 1849 439 1914 est?
489 1848 650 1912 Maximus
684 1846 789 1929 dolor,
822 1847 940 1930 inquit,
972 1847 1077 1912 brevis
1111 1853 1169 1913 est.

158 1937 301 2001 Primum
333 1938 410 2021 quid
442 1940 479 2001 tu
506 1936 586 2000 dicis
616 1935 733 1999 breve?
761 1933 874 1998 deinde
901 1935 1044 2000 dolorem
1073 1957 1170 2020 quem

159 2025 356 2089 maximum?
408 2023 491 2100 Quid
523 2022 632 2087 enim?
664 2044 807 2087 summus
839 2023 931 2087 dolor
962 2025 1070 2107 plu'res
1099 2024 1168 2088 dies
1184 2051 1211 2090 20

159 2132 287 2176 manere
319 2133 386 2176 non
416 2109 546 2195 potest?
601 2109 698 2193 Vide,
729 2131 770 2175 ne
802 2112 901 2174 etiam
929 2113 1067 2176 menses!
1104 2114 1170 2177 nisi

157 2199 242 2264 forte
266 2221 340 2263 eum
367 2199 459 2281 dicis,
486 2199 555 2282 qui,
582 2199 680 2262 simul
708 2202 803 2280 atque
831 2198 981 2282 arripuit,
1006 2200 1170 2266 interficit.

159 2287 238 2362 Quis
265 2287 365 2351 istum
397 2287 541 2351 dolorem
573 2285 688 2350 timet?
742 2285 839 2351 Illum
872 2288 1002 2351 mallem
1034 2288 1170 2371 levares,

159 2398 222 2459 quo
246 2376 404 2459 optimum
428 2377 523 2460 atque
550 2374 819 2439 humanissimum
847 2374 966 2460 virum,
993 2373 1051 2439 On.
1075 2374 1170 2440 Octa·

159 2465 260 2548 vium,
292 2463 394 2528 Marci
421 2463 537 2546 filium,
569 2462 762 2526 familiarem
795 2485 915 2546 meum,
947 2464 1060 2528 confici
1092 2464 1169 2548 vidi,
1184 2491 1210 2531 aa

158 2574 217 2618 nee
244 2574 320 2617 verc
350 2553 449 2617 semel
475 2572 534 2616 nec
563 2550 603 2615 ad
630 2552 726 2615 breve
753 2554 894 2634 tempus,
927 2551 983 2616 sed
1013 2556 1046 2616 et
1073 2574 1169 2635 saepe

159 2645 192 2703 et
219 2640 317 2723 plane
347 2640 410 2705 diu.
461 2639 548 2715 Quos
572 2638 640 2721 ille,
669 2639 700 2702 di
724 2639 934 2706 immortales!
959 2661 1032 2704 eum
1055 2662 1168 2706 omnes

159 2730 246 2791 artus
282 2727 393 2792 ardere
425 2727 623 2808 riderentur,
656 2726 816 2791 cruciatus
848 2726 1044 2810 perferebatt
1098 2727 1169 2792 Nec

158 2821 268 2880 tamen
291 2815 389 2879 miser
413 2836 496 2898 esse,
520 2816 596 2899 quia
619 2837 778 2878 summum
801 2815 834 2878 id
857 2815 978 2878 malum
1001 2836 1068 2880 non
1091 2821 1169 2900 erat,

158 2907 285 2967 tantum
317 2903 412 2967 modo
445 2903 627 2967 laboriosus
660 2903 842 2985 videbatur3
876 2906 911 2966 at
937 2903 1047 2986 miser,
1078 2904 1107 2967 si
1133 2905 1210 2971 iuro

106 3060 148 3124 29
158 2991 321 3075 flagitiosa
344 2994 439 3073 atque
462 2990 579 3055 vitiosa
601 2990 670 3054 vita
693 2989 839 3054 afflueret
861 2991 1090 3073 voluptatibus.
1123 3080 1130 3093 α

104 3138 140 3186 ⁹⁴
159 3078 486 3251 quututiatutte
501 3078 1169 3250 uris?triturantia:
1274 3162 1279 3240 i

157 3255 260 3320 Video
294 3253 380 3318 enim
412 3256 445 3318 et
477 3273 613 3337 magnos
641 3257 673 3317 et
700 3253 829 3318 eosdem
860 3255 941 3318 bene
973 3254 1167 3340 longinquos
1273 3261 1279 3376 p

158 3343 298 3424 dolores,
322 3363 456 3428 quorum
477 3341 542 3406 alia
564 3341 714 3406 toleratio
737 3345 787 3406 est
809 3343 928 3420 verior,
952 3364 1016 3426 qua
1039 3343 1086 3406 uti
1110 3367 1168 3408 vos
1182 3370 1209 3410 as

157 3428 1168 3603 tarintrutrtrtrtarrru,serrati

1159 3569 1169 3602 7
