2544 3952
178 203 246 266 426
379 199 676 257 ruscuasuaaon
696 197 996 254 nispurnriouun

178 364 283 450 iisque
314 368 346 430 et
373 364 503 438 morbos
538 362 729 428 insanabilis
757 364 789 425 et
819 361 945 427 dolores
976 361 1192 426 intolerabilis

182 453 393 537 adiunxisset,
421 453 546 517 animos
575 472 710 536 quoque,
730 449 858 548 dederit
880 453 1107 533 etcorporum
1138 451 1193 516 do·

180 543 304 606 loribus
337 541 542 626 congruentis
576 544 609 604 et
640 538 817 621 separatim
850 537 916 602 suis
951 539 1127 622 angoribus
1162 542 1194 602 et

144 629 341 694 emolestiis
372 629 563 712 implicatos.
618 626 680 694 Sed
711 627 747 691 in
777 627 839 690 hoc
871 647 922 690 me
953 627 1023 710 ipse
1056 627 1192 712 castig0,
1258 689 1259 718 ,

181 719 266 802 quod
294 740 333 782 ex
360 719 496 782 aliorum
523 720 557 780 et
583 737 621 780 ex
643 719 755 780 nostra
776 714 916 780 fortasse
943 715 1095 799 mollitia,
1126 736 1217 781 nont
1258 719 1259 770 l

178 829 219 870 ex
237 808 309 890 ipsa
327 806 456 888 virtute,
474 804 512 868 de
526 805 657 869 virtutis
676 804 793 868 robore
813 803 982 868 existumo.
1014 801 1077 867 Illa
1096 804 1192 888 enim,

178 895 209 959 si
232 895 326 959 modo
346 894 481 960 catulla
499 893 616 978 virtus,
639 915 736 977 quam
756 891 992 957 dubitationem
1013 892 1192 956 avunculus

179 988 269 1066 tune,
291 981 405 1064 Brute,
429 981 572 1060 sustulit,
596 981 717 1065 omnia,
740 1001 822 1064 quae
842 979 954 1044 cadere
974 978 1193 1044 inhominem
1258 1053 1259 1056 Ἴ

180 1074 331 1155 possunt,
354 1070 466 1135 subter
489 1091 522 1134 se
549 1069 649 1134 habet
671 1089 771 1153 eaque
799 1068 976 1152 despiciens
1000 1089 1094 1133 casus
1117 1091 1192 1134 con·
1258 1095 1259 1124 2

176 1159 296 1222 temnit
331 1159 491 1223 humanos
527 1158 684 1241 culpaque
717 1156 806 1221 omni
843 1177 954 1221 carens
990 1160 1121 1240 praeter
1159 1179 1193 1221 se
1207 1183 1232 1222 ιο
1258 1227 1259 1238 χ

178 1249 285 1330 ipsam
308 1246 390 1319 nihil
409 1249 518 1310 censet
541 1246 581 1310 ad
604 1246 827 1329 sepertinere.
863 1243 933 1310 Nos
953 1248 1061 1309 autem
1080 1246 1193 1310 omnia
1256 1259 1259 1330 ζ

177 1333 315 1398 adversa
341 1356 413 1399 cum
439 1333 603 1410 uenientia
631 1336 719 1398 metu
747 1337 916 1417 augentes,
942 1336 1012 1397 tum
1044 1355 1192 1398 maerore

176 1422 362 1506 praesentia
399 1443 509 1486 rerum·
542 1425 691 1486 naturam
728 1442 824 1505 quam
864 1442 1005 1486 errorem
1041 1426 1193 1487 nostrum

180 1512 332 1597 damnare
355 1512 524 1575 malumus.

247 1597 308 1664 Sed
332 1603 364 1664 et
386 1599 481 1663 huius
505 1598 618 1681 culpae
642 1602 675 1662 ct
696 1602 875 1664 ceterorum
898 1600 1051 1665 vitiorum
1078 1621 1231 1682 pecca-15

179 1692 349 1773 torumque
384 1691 569 1753 nostrorum
606 1688 710 1751 omnis
748 1687 1014 1772 aphilosophia
1050 1689 1193 1770 petenda
1255 1715 1259 1738 ⁴

179 1777 335 1842 correctio
359 1779 417 1840 est.
455 1773 554 1839 Cuius
576 1775 611 1839 in
634 1776 740 1840 sinum
762 1797 835 1840 cum
859 1798 878 1840 a
900 1775 1013 1859 primis
1036 1777 1195 1859 tempori·
1258 1823 1259 1838 ,

179 1866 240 1929 bus
269 1864 386 1929 aetatis
413 1867 526 1928 nostra
552 1864 703 1928 voluntas
732 1864 936 1948 studiumque
964 1885 1023 1929 nos
1057 1885 1194 1948 compu-

179 1954 285 2036 lisset,
307 1953 358 2017 his
382 1951 584 2036 gravissimis
609 1952 736 2016 casibus
758 1952 793 2016 in
817 1953 952 2016 eundem
975 1955 1120 2036 portum,
1154 1975 1194 2016 ex

178 2063 242 2124 quo
274 2062 400 2104 eramus
433 2040 567 2124 egressi,
598 2059 717 2123 magna
748 2039 861 2104 iactati
892 2043 1085 2123 tempestate
1116 2062 1194 2106 con·
1209 2067 1232 2106 a
1258 2095 1259 2130 ,

177 2129 331 2213 fugimus.
381 2127 407 2192 Ο
435 2130 521 2192 vitae
548 2127 758 2211 philosophia
786 2128 862 2211 dux,
890 2151 909 2193 o
938 2129 1068 2192 virtutis
1099 2129 1194 2192 inda·
1254 2141 1259 2213 ·{

177 2217 286 2301 gatrix
323 2216 547 2299 expultrixque
583 2215 751 2280 vitiorum!
784 2215 872 2299 quid·
893 2237 959 2281 non
991 2215 1087 2280 modo
1120 2239 1195 2296 noe,
1258 2277 1259 2284 ,

178 2305 235 2368 sed
259 2304 388 2370 omnino
417 2304 487 2369 vita
509 2303 677 2368 hominum
701 2305 768 2368 sine
796 2309 829 2368 te
853 2325 923 2369 esse
946 2304 1129 2388 potuisset?
1156 2309 1194 2370 tu

177 2393 269 2457 urbis
296 2392 465 2478 peperisti,
492 2396 529 2457 tu
557 2392 731 2476 dissipatos
758 2392 905 2457 homines
934 2393 967 2457 in
1000 2393 1193 2458 societatem
1258 2465 1259 2480 χ

178 2481 265 2546 vitae
298 2480 495 2564 convocasti,
532 2484 568 2544 tu
600 2502 655 2545 eos
687 2480 772 2543 inter
804 2502 837 2544 se
869 2481 974 2564 primo
1008 2480 1193 2564 domiciliis
1208 2481 1259 2550 al

177 2569 292 2633 deinde
307 2569 476 2653 coniugiis,
493 2572 564 2632 tum
582 2568 764 2633 litterarum
780 2571 812 2632 et
830 2589 945 2633 vocum
964 2569 1193 2634 communione

177 2657 324 2740 iunxisti,
351 2661 387 2720 tu
414 2657 576 2720 inventrix
603 2655 726 2740 legum,
752 2659 789 2720 tu
816 2656 974 2740 magistre,
1002 2678 1130 2721 morum
1159 2663 1194 2724 et

179 2744 368 2827 disciplinae
390 2744 496 2828 fuisti;
520 2743 560 2808 ad
581 2747 615 2808 te
638 2744 854 2829 confugimus,
883 2766 902 2808 a
930 2748 964 2808 te
978 2765 1081 2828 opem
1108 2747 1193 2829 peti·
1258 2763 1259 2808 t

178 2855 263 2915 mus,
295 2832 357 2896 tibi
384 2855 458 2916 nos,
490 2836 526 2896 ut
553 2835 649 2896 antea
675 2853 796 2917 magna
822 2854 861 2896 ex
889 2835 996 2915 parte,
1026 2833 1073 2897 sic
1102 2855 1192 2898 nunc

177 2921 307 3005 penitus
330 2923 480 3005 totosque
503 2921 670 2985 tradimus.
706 2919 893 2984 astantem
911 2941 995 2984 unus
1020 2919 1086 2984 dies
1107 2922 1234 2989 beneco
1258 2939 1259 2986 l

178 3012 268 3073 etex
290 3009 470 3092 praeceptis
488 3009 553 3073 tuis
573 3012 663 3073 actus
682 3009 828 3093 peccanti
849 3008 1080 3073 inmortalitati
1100 3013 1192 3074 ante·

177 3097 353 3180 ponendus.
399 3096 498 3162 Cuius
525 3097 625 3181 igitur
652 3098 762 3180 potius
791 3096 906 3180 opibus
933 3100 1064 3160 utamur
1091 3119 1192 3182 quam
1258 3091 1259 3180 i

177 3185 257 3270 tuis,
282 3207 362 3269 quae
386 3189 418 3248 et
440 3185 527 3249 'vitae
549 3185 819 3267 tranquillitatem
841 3184 961 3268 largita
978 3184 1073 3248 nobis
1098 3207 1133 3250 es
1159 3189 1192 3251 et
1258 3185 1259 3198 ³

141 3277 334 3342 eterrorem
366 3273 480 3338 mortis
514 3271 697 3337 sustulisti?
742 3273 791 3336 Ac
821 3271 1031 3356 philosophia
1058 3273 1191 3357 quidem

178 3364 305 3426 tantum
334 3361 426 3425 abest
452 3364 489 3425 ut
514 3361 665 3444 proinde,
697 3382 734 3425 ac
766 3360 805 3424 de
837 3360 1005 3426 hominum
1040 3364 1090 3426 est
1122 3361 1191 3426 vita
1206 3389 1234 3429 ss

178 3449 307 3532 merita,
339 3449 500 3531 laudetur,
533 3451 570 3512 ut
602 3470 621 3511 a
652 3448 813 3532 plerisque
843 3449 993 3532 neglecta
1025 3471 1045 3512 a
1076 3450 1189 3514 multis
1258 3469 1259 3522 l

177 3535 499 3622 etiamlvituperetur.
527 3536 718 3620 Vituperare
732 3537 902 3620 quisquam
916 3537 1001 3602 vitae
1019 3540 1191 3621 parentem
1258 3539 1259 3556 ¹

137 1569 161 1694 Ξ
