2586 3950
136 202 198 267 168
296 203 345 257 ΒΕ
363 201 509 258 FINIBUS
528 202 708 258 BONORUM
726 203 773 257 ΕΤ
792 201 974 259 MALORUM

96 386 216 448 ¹,quae
238 386 297 448 pro
321 366 425 429 salute
449 364 595 448 gentium
613 386 738 429 summo
761 365 872 429 labore
893 367 1062 449 gessisset,
1084 376 1139 431 v'o-

32 441 55 516 .’
87 505 106 538 n
133 452 270 535 luptatis
293 473 390 520 causa
413 452 551 536 gessisse
573 452 704 519 diceres.

201 539 289 616 Quae
312 563 385 605 cnm
408 540 572 623 dixissem,
595 539 723 623 Habeo,
745 539 852 624 inquit
874 540 1071 626 Torqustus,
1099 543 1139 606 ad

134 649 213 711 quos
244 629 308 694 ista
339 629 490 712 referam,
522 631 568 711 et,
601 625 797 712 quamquam
829 628 949 712 aliquid
981 630 1051 712 ipse
1083 653 1138 714 po-

133 721 250 794 teram,
272 720 382 781 tamen
403 716 546 780 invenire
570 716 657 779 malo
681 717 871 799 paratiores.
893 753 930 762 -
951 716 1167 783 Familiaress
1285 759 1286 778 i

133 807 275 888 nostros,
307 804 414 886 credo,
446 801 594 868 Sironem
626 803 704 868 dicis
737 807 770 867 et
799 803 1038 889 Philodemum,
1068 826 1138 870 cum

134 893 275 976 optimos
303 893 402 974 viros,
428 895 499 955 tum
526 891 672 956 homines
702 891 916 957 doctissimos.
961 891 1070 976 Recte,
1092 894 1138 957 in-

134 980 217 1064 quit,
239 979 411 1064 intellegis.
447 978 519 1064 Age
542 1000 632 1063 sane,
654 979 795 1063 inquam.
837 977 899 1044 Sed
918 985 988 1044 erat
1004 982 1138 1064 aequius

134 1067 292 1131 Triarium
307 1066 428 1152 aliquid
447 1067 485 1130 de
506 1066 706 1132 dissensione
719 1071 832 1132 nostra
845 1067 996 1132 iudicare.
1027 1068 1139 1152 Eiuro,

133 1155 241 1240 inquit
263 1154 421 1237 arridens,
447 1155 607 1238 iniquum,
630 1155 692 1219 hac
714 1154 842 1239 quidem
865 1155 904 1220 de
926 1177 974 1240 re3
997 1159 1033 1220 tu
1054 1157 1138 1221 enim
1153 1183 1181 1221 ro

133 1242 198 1307 ista
228 1243 346 1323 lenius,
377 1241 430 1307 hic
463 1239 644 1307 Stoicorum
675 1263 764 1308 more
799 1265 859 1308 nos
892 1247 996 1308 vexat.
1055 1243 1138 1308 Tum

133 1330 288 1394 Triarius:
324 1329 466 1394 Posthac
497 1330 640 1414 quidem,
678 1329 796 1415 inquit,
833 1331 994 1397 audacius.
1052 1330 1139 1397 Nam

133 1418 211 1482 haec
233 1418 305 1501 ipsa
327 1418 408 1483 mihi
430 1422 524 1482 erunt
546 1417 581 1481 in
602 1424 769 1502 promptu,
798 1440 879 1503 quae
902 1419 997 1484 modo
1022 1418 1139 1498 audivi,

133 1527 192 1571 nec
230 1510 306 1570 aute
338 1507 523 1590 aggrediar,
554 1525 650 1589 quam
681 1509 713 1570 te
746 1507 788 1571 ab
819 1506 907 1591 istis,
939 1529 1019 1590 quos
1050 1508 1140 1591 diois,

133 1595 326 1659 instructum
357 1594 476 1659 videro.
535 1593 624 1669 Quae
660 1616 733 1659 cum
765 1598 872 1659 essent
905 1595 1004 1680 dicta,
1041 1596 1138 1660 finem
1154 1620 1180 1662 15

133 1682 268 1748 fecimus
292 1686 325 1748 et
348 1682 534 1747 ambulandi
558 1685 590 1747 et
613 1682 808 1766 disputandi.

380 2071 428 2144 M.
458 2069 619 2144 TULLII
646 2068 893 2146 CICERONIS

134 2235 207 2318 DE
242 2232 454 2320 EINIBUS
490 2233 747 2319 BONORUM
782 2235 848 2318 ET
880 2233 1140 2320 MALORUM

526 2381 576 2436 AD
594 2379 749 2436 BRUTUM

478 2511 599 2572 LIBER
622 2511 801 2573 TERTIUS.

583 2667 691 2676 ...—

471 2784 807 2845 ARGUMENTUM.

204 2899 237 2953 In
258 2899 341 2954 huius
363 2899 429 2955 libri
451 2899 563 2955 exordio
582 2898 679 2953 Cicero
697 2915 832 2954 conversa
856 2917 950 2954 rursus
969 2900 1006 2954 ad
1023 2901 1139 2956 Brutum

135 2970 272 3038 oratione,
296 2971 428 3039 quoniam
445 2971 577 3040 voluptas
596 2968 737 3039 superiore
755 2969 827 3025 libro
847 2970 915 3024 setis
934 2970 1141 3040 contitutauit,

135 3039 271 3096 acriorem
295 3045 424 3110 paratam
451 3056 511 3095 esse
530 3040 571 3095 ait
593 3056 657 3095 cum
680 3039 781 3096 Stoicis
804 3040 1027 3110 contentionem,
1055 3044 1140 3110 atque

134 3128 230 3167 eorum
257 3111 411 3168 disserendi
441 3127 541 3180 genus,
570 3127 633 3164 cum
656 3109 749 3180 ipsum
782 3109 884 3164 subtile
911 3111 949 3166 sit
973 3113 1020 3166 vel
1046 3111 1141 3182 potius

133 3182 288 3307 {pInosum
311 3183 373 3236 tum
394 3182 484 3305 multlo
507 3181 648 3304 diffiiffilds
667 3197 727 3235 esse
746 3180 1055 3306 Latinegoquentitus,
1081 3182 1140 3264 qui-

133 3255 304 3392 idioiiiddt
317 3268 391 3377 liiiita
412 3254 1010 3391 {ezcehggnffimsngmnoesse‚seqlugnffls
1021 3269 1142 3378 sioffliiid

134 3392 220 3448 etism
243 3395 317 3447 artes
341 3393 398 3447 suis
421 3394 450 3446 at
472 3391 591 3461 propriis
613 3394 728 3447 utantur
750 3392 855 3460 verbis,
884 3393 975 3448 multo
997 3393 1027 3447 id
1051 3392 1141 3460 magis

133 3463 330 3533 philosophiae
362 3463 574 3518 eoncedendum
604 3462 653 3529 sit,
686 3464 727 3531 et,
760 3463 785 3517 si
816 3462 930 3518 Graecis
966 3463 1141 3533 philosophis

133 3533 246 3587 licuerit
268 3533 303 3588 de
325 3533 409 3604 rebus
427 3549 485 3587 non
506 3533 667 3603 pervagatis
685 3532 780 3587 verbis
803 3549 913 3602 quoquc
930 3532 1072 3588 inusitatis
1090 3533 1141 3599 uti,

1279 661 1286 706 i

1284 709 1286 734 i
