<?xml version="1.0" encoding="UTF-8"?>
<!DOCTYPE html PUBLIC "-//W3C//DTD XHTML 1.0 Transitional//EN"
    "http://www.w3.org/TR/xhtml1/DTD/xhtml1-transitional.dtd">
<html xmlns="http://www.w3.org/1999/xhtml" xml:lang="en" lang="en">
 <head>
  <title>
</title>
<meta http-equiv="Content-Type" content="text/html;charset=utf-8" />
  <meta name='ocr-system' content='tesseract 3.04.00' />
  <meta name='ocr-capabilities' content='ocr_page ocr_carea ocr_par ocr_line ocrx_word'/>
</head>
<body>
  <div class='ocr_page' id='page_1' title='image "./scriptaquaemans00unkngoog_0329.png"; bbox 0 0 2564 3950; ppageno 0'>
   <div class='ocr_carea' id='block_1_1' title="bbox 220 1067 1109 1318">
    <p class='ocr_par' dir='ltr' id='par_1_1' title="bbox 220 1067 1109 1318">
     <span class='ocr_line' id='line_1_1' title="bbox 409 1067 921 1143; baseline -0.004 -1"><span class='ocrx_word' id='word_1_1' title='bbox 409 1071 456 1142; x_wconf 91' lang='grc' dir='ltr'><strong>Μ.</strong></span> <span class='ocrx_word' id='word_1_2' title='bbox 487 1069 647 1142; x_wconf 82' lang='lat' dir='ltr'>TULLII</span> <span class='ocrx_word' id='word_1_3' title='bbox 674 1067 921 1143; x_wconf 76' lang='lat' dir='ltr'>CICERONIS</span> 
     </span>
     <span class='ocr_line' id='line_1_2' title="bbox 220 1229 1109 1318; baseline 0.002 -3"><span class='ocrx_word' id='word_1_4' title='bbox 220 1230 648 1318; x_wconf 76' lang='lat' dir='ltr'><strong>uUSOUthhRUM</strong></span> <span class='ocrx_word' id='word_1_5' title='bbox 681 1229 1109 1318; x_wconf 79' lang='lat' dir='ltr'>DISPUTATIONUM</span> 
     </span>
    </p>
   </div>
   <div class='ocr_carea' id='block_1_2' title="bbox 505 1375 828 1579">
    <p class='ocr_par' dir='ltr' id='par_1_2' title="bbox 505 1375 828 1579">
     <span class='ocr_line' id='line_1_3' title="bbox 553 1375 777 1434; baseline 0.004 -1"><span class='ocrx_word' id='word_1_6' title='bbox 553 1379 603 1433; x_wconf 89' lang='lat' dir='ltr'><strong>AD</strong></span> <span class='ocrx_word' id='word_1_7' title='bbox 621 1375 777 1434; x_wconf 82' lang='lat' dir='ltr'>BRUTUM</span> 
     </span>
     <span class='ocr_line' id='line_1_4' title="bbox 505 1508 828 1579; baseline 0.003 -11"><span class='ocrx_word' id='word_1_8' title='bbox 505 1509 616 1569; x_wconf 83' lang='lat' dir='ltr'>LIBRI</span> <span class='ocrx_word' id='word_1_9' title='bbox 639 1508 828 1579; x_wconf 77' lang='lat' dir='ltr'>QUINQUE.</span> 
     </span>
    </p>
   </div>
   <div class='ocr_carea' id='block_1_3' title="bbox 610 1665 717 1674">
    <p class='ocr_par' dir='ltr' id='par_1_3' title="bbox 610 1665 717 1674">
     <span class='ocr_line' id='line_1_5' title="bbox 610 1665 717 1674; baseline -0.019 0"><span class='ocrx_word' id='word_1_10' title='bbox 610 1665 717 1674; x_wconf 57' lang='grc' dir='ltr'>...μ-...-</span> 
     </span>
    </p>
   </div>
   <div class='ocr_carea' id='block_1_4' title="bbox 212 1771 979 1957">
    <p class='ocr_par' dir='ltr' id='par_1_4' title="bbox 212 1771 979 1957">
     <span class='ocr_line' id='line_1_6' title="bbox 318 1771 810 1864; baseline 0.002 -33"><span class='ocrx_word' id='word_1_11' title='bbox 318 1859 321 1864; x_wconf 21' lang='lat'><em>¹</em></span> <span class='ocrx_word' id='word_1_12' title='bbox 518 1773 638 1836; x_wconf 78' lang='lat' dir='ltr'><strong>arena</strong></span> <span class='ocrx_word' id='word_1_13' title='bbox 660 1771 810 1833; x_wconf 72' lang='lat' dir='ltr'><strong>paruos</strong></span> 
     </span>
     <span class='ocr_line' id='line_1_7' title="bbox 212 1886 979 1957; baseline -0.01 -1"><span class='ocrx_word' id='word_1_14' title='bbox 212 1921 230 1956; x_wconf 81' lang='grc'><strong>.</strong></span> <span class='ocrx_word' id='word_1_15' title='bbox 364 1891 424 1956; x_wconf 80' lang='lat' dir='ltr'><strong>nn</strong></span> <span class='ocrx_word' id='word_1_16' title='bbox 447 1886 785 1957; x_wconf 71' lang='lat' dir='ltr'>CONTEMNENDA&#39;</span> <span class='ocrx_word' id='word_1_17' title='bbox 807 1889 979 1956; x_wconf 68' lang='lat' dir='ltr'><strong>Menon..</strong></span> 
     </span>
    </p>
   </div>
   <div class='ocr_carea' id='block_1_5' title="bbox 498 2035 834 2096">
    <p class='ocr_par' dir='ltr' id='par_1_5' title="bbox 498 2035 834 2096">
     <span class='ocr_line' id='line_1_8' title="bbox 498 2035 834 2096; baseline -0.006 0"><span class='ocrx_word' id='word_1_18' title='bbox 498 2035 834 2096; x_wconf 80' lang='lat' dir='ltr'><strong>ARGUMENTUM.</strong></span> 
     </span>
    </p>
   </div>
   <div class='ocr_carea' id='block_1_6' title="bbox 160 2149 1173 2698">
    <p class='ocr_par' dir='ltr' id='par_1_6' title="bbox 160 2149 1173 2698">
     <span class='ocr_line' id='line_1_9' title="bbox 232 2149 1172 2222; baseline 0.001 -15"><span class='ocrx_word' id='word_1_19' title='bbox 232 2154 385 2222; x_wconf 85' lang='lat' dir='ltr'><strong>Postquam</strong></span> <span class='ocrx_word' id='word_1_20' title='bbox 402 2151 439 2204; x_wconf 84' lang='lat' dir='ltr'><strong>M.</strong></span> <span class='ocrx_word' id='word_1_21' title='bbox 460 2149 557 2204; x_wconf 85' lang='lat' dir='ltr'><strong>Cicero</strong></span> <span class='ocrx_word' id='word_1_22' title='bbox 576 2167 610 2206; x_wconf 91' lang='lat' dir='ltr'><strong>eo</strong></span> <span class='ocrx_word' id='word_1_23' title='bbox 628 2150 715 2220; x_wconf 88' lang='lat' dir='ltr'><strong>libro,</strong></span> <span class='ocrx_word' id='word_1_24' title='bbox 735 2167 818 2220; x_wconf 89' lang='lat' dir='ltr'><strong>quem</strong></span> <span class='ocrx_word' id='word_1_25' title='bbox 835 2149 978 2222; x_wconf 78' lang='lat' dir='ltr'>inscripsit</span> <span class='ocrx_word' id='word_1_26' title='bbox 995 2152 1172 2220; x_wconf 78' lang='lat' dir='ltr'><strong>Hortensius,</strong></span> 
     </span>
     <span class='ocr_line' id='line_1_10' title="bbox 160 2221 1172 2294; baseline 0 -16"><span class='ocrx_word' id='word_1_27' title='bbox 160 2225 199 2280; x_wconf 83' lang='lat' dir='ltr'><strong>ad</strong></span> <span class='ocrx_word' id='word_1_28' title='bbox 222 2222 419 2294; x_wconf 78' lang='lat' dir='ltr'><strong>philosophiae</strong></span> <span class='ocrx_word' id='word_1_29' title='bbox 442 2221 565 2275; x_wconf 84' lang='lat' dir='ltr'><strong>studium</strong></span> <span class='ocrx_word' id='word_1_30' title='bbox 590 2221 664 2276; x_wconf 87' lang='lat' dir='ltr'><strong>cives</strong></span> <span class='ocrx_word' id='word_1_31' title='bbox 683 2238 746 2276; x_wconf 87' lang='lat' dir='ltr'><strong>suos</strong></span> <span class='ocrx_word' id='word_1_32' title='bbox 765 2223 926 2276; x_wconf 73' lang='lat' dir='ltr'><strong>cohortatus</strong></span> <span class='ocrx_word' id='word_1_33' title='bbox 945 2224 1007 2278; x_wconf 82' lang='lat' dir='ltr'><strong>erat</strong></span> <span class='ocrx_word' id='word_1_34' title='bbox 1029 2225 1070 2292; x_wconf 84' lang='lat' dir='ltr'><strong>et,</strong></span> <span class='ocrx_word' id='word_1_35' title='bbox 1095 2225 1172 2292; x_wconf 89' lang='lat' dir='ltr'><strong>quod</strong></span> 
     </span>
     <span class='ocr_line' id='line_1_11' title="bbox 161 2290 1172 2366; baseline -0.002 -16"><span class='ocrx_word' id='word_1_36' title='bbox 161 2292 380 2366; x_wconf 87' lang='lat' dir='ltr'><strong>philosophandi</strong></span> <span class='ocrx_word' id='word_1_37' title='bbox 394 2309 481 2362; x_wconf 84' lang='lat' dir='ltr'><strong>genus</strong></span> <span class='ocrx_word' id='word_1_38' title='bbox 495 2290 549 2345; x_wconf 91' lang='lat' dir='ltr'><strong>sibi</strong></span> <span class='ocrx_word' id='word_1_39' title='bbox 562 2291 682 2346; x_wconf 85' lang='lat' dir='ltr'><strong>maxime</strong></span> <span class='ocrx_word' id='word_1_40' title='bbox 696 2291 830 2362; x_wconf 87' lang='lat' dir='ltr'><strong>placeret,</strong></span> <span class='ocrx_word' id='word_1_41' title='bbox 847 2293 980 2360; x_wconf 86' lang='lat' dir='ltr'><strong>quattuor</strong></span> <span class='ocrx_word' id='word_1_42' title='bbox 993 2293 1172 2348; x_wconf 77' lang='lat' dir='ltr'><strong>Academicis</strong></span> 
     </span>
     <span class='ocr_line' id='line_1_12' title="bbox 162 2362 1173 2444; baseline -0.001 -24"><span class='ocrx_word' id='word_1_43' title='bbox 162 2365 241 2420; x_wconf 88' lang='lat' dir='ltr'><strong>libris</strong></span> <span class='ocrx_word' id='word_1_44' title='bbox 266 2364 437 2429; x_wconf 86' lang='lat' dir='ltr'><strong>ostenderat,</strong></span> <span class='ocrx_word' id='word_1_45' title='bbox 462 2362 548 2416; x_wconf 87' lang='lat' dir='ltr'><strong>etiam</strong></span> <span class='ocrx_word' id='word_1_46' title='bbox 565 2362 780 2416; x_wconf 83' lang='lat' dir='ltr'><strong>fundamentum</strong></span> <span class='ocrx_word' id='word_1_47' title='bbox 796 2362 884 2417; x_wconf 87' lang='lat' dir='ltr'><strong>totius</strong></span> <span class='ocrx_word' id='word_1_48' title='bbox 907 2362 1103 2444; x_wconf 84' lang='lat' dir='ltr'><strong>philosophiae</strong></span> <span class='ocrx_word' id='word_1_49' title='bbox 1120 2382 1173 2434; x_wconf 92' lang='lat' dir='ltr'><strong>po·</strong></span> 
     </span>
     <span class='ocr_line' id='line_1_13' title="bbox 162 2433 1172 2504; baseline -0.004 -12"><span class='ocrx_word' id='word_1_50' title='bbox 162 2436 247 2492; x_wconf 84' lang='lat' dir='ltr'><strong>situm</strong></span> <span class='ocrx_word' id='word_1_51' title='bbox 261 2435 291 2490; x_wconf 92' lang='lat' dir='ltr'><strong>in</strong></span> <span class='ocrx_word' id='word_1_52' title='bbox 304 2434 405 2489; x_wconf 88' lang='lat' dir='ltr'><strong>fini-bus</strong></span> <span class='ocrx_word' id='word_1_53' title='bbox 418 2433 555 2488; x_wconf 89' lang='lat' dir='ltr'><strong>bonorum</strong></span> <span class='ocrx_word' id='word_1_54' title='bbox 570 2433 751 2488; x_wconf 87' lang='lat' dir='ltr'><strong>etmalorum</strong></span> <span class='ocrx_word' id='word_1_55' title='bbox 765 2433 886 2502; x_wconf 87' lang='lat' dir='ltr'><strong>quinque</strong></span> <span class='ocrx_word' id='word_1_56' title='bbox 899 2433 979 2486; x_wconf 89' lang='lat' dir='ltr'><strong>hbris</strong></span> <span class='ocrx_word' id='word_1_57' title='bbox 993 2437 1172 2504; x_wconf 80' lang='lat' dir='ltr'><strong>exposuerat,</strong></span> 
     </span>
     <span class='ocr_line' id='line_1_14' title="bbox 161 2503 1173 2572; baseline -0.002 -12"><span class='ocrx_word' id='word_1_58' title='bbox 161 2507 282 2561; x_wconf 88' lang='lat' dir='ltr'><strong>totidem</strong></span> <span class='ocrx_word' id='word_1_59' title='bbox 305 2504 447 2560; x_wconf 71' lang='lat' dir='ltr'><strong>subsecuti</strong></span> <span class='ocrx_word' id='word_1_60' title='bbox 469 2503 535 2558; x_wconf 86' lang='lat' dir='ltr'><strong>libri</strong></span> <span class='ocrx_word' id='word_1_61' title='bbox 561 2505 781 2558; x_wconf 84' lang='lat' dir='ltr'><strong>Tusculanarum</strong></span> <span class='ocrx_word' id='word_1_62' title='bbox 811 2503 1033 2572; x_wconf 81' lang='lat' dir='ltr'><strong>disputationum</strong></span> <span class='ocrx_word' id='word_1_63' title='bbox 1060 2521 1105 2559; x_wconf 87' lang='lat' dir='ltr'><strong>res</strong></span> <span class='ocrx_word' id='word_1_64' title='bbox 1133 2505 1173 2560; x_wconf 87' lang='lat' dir='ltr'><strong>ad</strong></span> 
     </span>
     <span class='ocr_line' id='line_1_15' title="bbox 162 2573 1173 2698; baseline -0.003 -67"><span class='ocrx_word' id='word_1_65' title='bbox 162 2579 245 2631; x_wconf 83' lang='lat' dir='ltr'><strong>beate</strong></span> <span class='ocrx_word' id='word_1_66' title='bbox 264 2576 416 2631; x_wconf 82' lang='lat' dir='ltr'><strong>vivendum</strong></span> <span class='ocrx_word' id='word_1_67' title='bbox 434 2573 554 2630; x_wconf 82' lang='lat' dir='ltr'><strong>maxime</strong></span> <span class='ocrx_word' id='word_1_68' title='bbox 572 2573 744 2630; x_wconf 86' lang='lat' dir='ltr'><strong>necessarias</strong></span> <span class='ocrx_word' id='word_1_69' title='bbox 763 2577 939 2698; x_wconf 61' lang='lat' dir='ltr'><strong>aperuerunt.</strong></span> <span class='ocrx_word' id='word_1_70' title='bbox 967 2574 1078 2628; x_wconf 87' lang='lat' dir='ltr'><strong>Primus</strong></span> <span class='ocrx_word' id='word_1_71' title='bbox 1095 2575 1173 2630; x_wconf 90' lang='lat' dir='ltr'><strong>enim</strong></span> 
     </span>
    </p>
   </div>
   <div class='ocr_carea' id='block_1_7' title="bbox 162 2644 1270 2855">
    <p class='ocr_par' dir='ltr' id='par_1_7' title="bbox 162 2644 1270 2855">
     <span class='ocr_line' id='line_1_16' title="bbox 162 2644 1172 2713; baseline -0.001 -12"><span class='ocrx_word' id='word_1_72' title='bbox 162 2649 205 2701; x_wconf 89' lang='lat' dir='ltr'><strong>est</strong></span> <span class='ocrx_word' id='word_1_73' title='bbox 223 2649 257 2700; x_wconf 86' lang='lat' dir='ltr'><strong>de</strong></span> <span class='ocrx_word' id='word_1_74' title='bbox 277 2645 482 2701; x_wconf 84' lang='lat' dir='ltr'><strong>contemnenda</strong></span> <span class='ocrx_word' id='word_1_75' title='bbox 500 2647 603 2713; x_wconf 82' lang='lat' dir='ltr'><strong>morte,</strong></span> <span class='ocrx_word' id='word_1_76' title='bbox 622 2644 759 2698; x_wconf 87' lang='lat' dir='ltr'><strong>secundus</strong></span> <span class='ocrx_word' id='word_1_77' title='bbox 798 2661 813 2698; x_wconf 91' lang='lat' dir='ltr'><strong>e</strong></span> <span class='ocrx_word' id='word_1_78' title='bbox 830 2644 980 2699; x_wconf 86' lang='lat' dir='ltr'><strong>tolerando</strong></span> <span class='ocrx_word' id='word_1_79' title='bbox 1000 2645 1110 2713; x_wconf 88' lang='lat' dir='ltr'><strong>dolore,</strong></span> <span class='ocrx_word' id='word_1_80' title='bbox 1135 2646 1172 2700; x_wconf 91' lang='lat' dir='ltr'><strong>de</strong></span> 
     </span>
     <span class='ocr_line' id='line_1_17' title="bbox 164 2714 1270 2786; baseline 0 -16"><span class='ocrx_word' id='word_1_81' title='bbox 164 2717 340 2786; x_wconf 78' lang='lat' dir='ltr'><strong>aegritudine</strong></span> <span class='ocrx_word' id='word_1_82' title='bbox 359 2716 490 2771; x_wconf 85' lang='lat' dir='ltr'><strong>lenienda</strong></span> <span class='ocrx_word' id='word_1_83' title='bbox 507 2716 621 2782; x_wconf 85' lang='lat' dir='ltr'><strong>tertius,</strong></span> <span class='ocrx_word' id='word_1_84' title='bbox 640 2717 756 2784; x_wconf 87' lang='lat' dir='ltr'><strong>quartus</strong></span> <span class='ocrx_word' id='word_1_85' title='bbox 775 2715 809 2769; x_wconf 92' lang='lat' dir='ltr'><strong>de</strong></span> <span class='ocrx_word' id='word_1_86' title='bbox 822 2714 938 2784; x_wconf 87' lang='lat' dir='ltr'><strong>reliquis</strong></span> <span class='ocrx_word' id='word_1_87' title='bbox 956 2715 1044 2769; x_wconf 88' lang='lat' dir='ltr'><strong>animi</strong></span> <span class='ocrx_word' id='word_1_88' title='bbox 1060 2718 1173 2785; x_wconf 85' lang='lat' dir='ltr'><strong>pertur-</strong></span> <span class='ocrx_word' id='word_1_89' title='bbox 1269 2747 1270 2776; x_wconf 52' lang='lat' dir='ltr'><strong>l</strong></span> 
     </span>
     <span class='ocr_line' id='line_1_18' title="bbox 162 2783 1270 2855; baseline 0 -15"><span class='ocrx_word' id='word_1_90' title='bbox 162 2786 336 2853; x_wconf 74' lang='lat' dir='ltr'><strong>canonibus,</strong></span> <span class='ocrx_word' id='word_1_91' title='bbox 356 2786 468 2855; x_wconf 86' lang='lat' dir='ltr'><strong>quintus</strong></span> <span class='ocrx_word' id='word_1_92' title='bbox 488 2803 551 2840; x_wconf 88' lang='lat' dir='ltr'><strong>enm</strong></span> <span class='ocrx_word' id='word_1_93' title='bbox 569 2786 662 2839; x_wconf 88' lang='lat' dir='ltr'><strong>locum</strong></span> <span class='ocrx_word' id='word_1_94' title='bbox 681 2785 842 2854; x_wconf 84' lang='lat' dir='ltr'><strong>complexus</strong></span> <span class='ocrx_word' id='word_1_95' title='bbox 860 2787 915 2852; x_wconf 84' lang='lat' dir='ltr'><strong>est,</strong></span> <span class='ocrx_word' id='word_1_96' title='bbox 936 2785 984 2853; x_wconf 90' lang='lat' dir='ltr'><strong>qui</strong></span> <span class='ocrx_word' id='word_1_97' title='bbox 1001 2787 1090 2840; x_wconf 79' lang='lat' dir='ltr'><strong>totum</strong></span> <span class='ocrx_word' id='word_1_98' title='bbox 1108 2787 1173 2855; x_wconf 88' lang='lat' dir='ltr'><strong>phi·</strong></span> <span class='ocrx_word' id='word_1_99' title='bbox 1269 2783 1270 2840; x_wconf 63' lang='lat'>7</span> 
     </span>
    </p>
   </div>
   <div class='ocr_carea' id='block_1_8' title="bbox 107 2855 1174 3068">
    <p class='ocr_par' dir='ltr' id='par_1_8' title="bbox 107 2855 1174 3068">
     <span class='ocr_line' id='line_1_19' title="bbox 163 2855 1174 2926; baseline 0.001 -15"><span class='ocrx_word' id='word_1_100' title='bbox 163 2856 322 2926; x_wconf 85' lang='lat' dir='ltr'><strong>Iosophiam</strong></span> <span class='ocrx_word' id='word_1_101' title='bbox 344 2857 464 2912; x_wconf 83' lang='lat' dir='ltr'><strong>maxime</strong></span> <span class='ocrx_word' id='word_1_102' title='bbox 487 2857 622 2922; x_wconf 85' lang='lat' dir='ltr'><strong>illustrat;</strong></span> <span class='ocrx_word' id='word_1_103' title='bbox 649 2855 732 2911; x_wconf 91' lang='lat' dir='ltr'><strong>docet</strong></span> <span class='ocrx_word' id='word_1_104' title='bbox 754 2856 828 2910; x_wconf 91' lang='lat' dir='ltr'><strong>enim</strong></span> <span class='ocrx_word' id='word_1_105' title='bbox 851 2856 888 2909; x_wconf 92' lang='lat' dir='ltr'><strong>ad</strong></span> <span class='ocrx_word' id='word_1_106' title='bbox 909 2856 992 2910; x_wconf 85' lang='lat' dir='ltr'><strong>beate</strong></span> <span class='ocrx_word' id='word_1_107' title='bbox 1019 2856 1174 2912; x_wconf 85' lang='lat' dir='ltr'><strong>vivendum</strong></span> 
     </span>
     <span class='ocr_line' id='line_1_20' title="bbox 163 2923 1173 2998; baseline -0.002 -16"><span class='ocrx_word' id='word_1_108' title='bbox 163 2928 296 2982; x_wconf 86' lang='lat' dir='ltr'><strong>virtutem</strong></span> <span class='ocrx_word' id='word_1_109' title='bbox 316 2943 344 2981; x_wconf 91' lang='lat' dir='ltr'><strong>se</strong></span> <span class='ocrx_word' id='word_1_110' title='bbox 363 2927 425 2998; x_wconf 83' lang='lat' dir='ltr'><strong>ipsa</strong></span> <span class='ocrx_word' id='word_1_111' title='bbox 443 2943 504 2982; x_wconf 90' lang='lat' dir='ltr'><strong>esse</strong></span> <span class='ocrx_word' id='word_1_112' title='bbox 523 2928 691 2981; x_wconf 85' lang='lat' dir='ltr'><strong>contentam.</strong></span> <span class='ocrx_word' id='word_1_113' title='bbox 721 2923 934 2996; x_wconf 85' lang='lat' dir='ltr'><strong>Disputationes</strong></span> <span class='ocrx_word' id='word_1_114' title='bbox 953 2929 1048 2982; x_wconf 86' lang='lat' dir='ltr'><strong>autem</strong></span> <span class='ocrx_word' id='word_1_115' title='bbox 1067 2927 1173 2996; x_wconf 81' lang='lat' dir='ltr'><strong>Tuscu-</strong></span> 
     </span>
     <span class='ocr_line' id='line_1_21' title="bbox 107 2996 1173 3068; baseline 0 -16"><span class='ocrx_word' id='word_1_116' title='bbox 107 3048 113 3052; x_wconf 89' lang='lat'>.</span> <span class='ocrx_word' id='word_1_117' title='bbox 162 2999 245 3054; x_wconf 87' lang='lat' dir='ltr'><strong>lunae</strong></span> <span class='ocrx_word' id='word_1_118' title='bbox 263 3001 413 3068; x_wconf 89' lang='lat' dir='ltr'><strong>propterea</strong></span> <span class='ocrx_word' id='word_1_119' title='bbox 431 2997 582 3066; x_wconf 83' lang='lat' dir='ltr'><strong>inscriptae</strong></span> <span class='ocrx_word' id='word_1_120' title='bbox 602 2997 773 3064; x_wconf 85' lang='lat' dir='ltr'><strong>sunt,.quod</strong></span> <span class='ocrx_word' id='word_1_121' title='bbox 790 2996 860 3051; x_wconf 85' lang='lat' dir='ltr'><strong>facit</strong></span> <span class='ocrx_word' id='word_1_122' title='bbox 878 3013 907 3056; x_wconf 85' lang='lat' dir='ltr'><strong>se</strong></span> <span class='ocrx_word' id='word_1_123' title='bbox 927 3014 988 3052; x_wconf 90' lang='lat' dir='ltr'><strong>cum</strong></span> <span class='ocrx_word' id='word_1_124' title='bbox 1006 2998 1173 3054; x_wconf 85' lang='lat' dir='ltr'><strong>adulescen-</strong></span> 
     </span>
    </p>
   </div>
   <div class='ocr_carea' id='block_1_9' title="bbox 162 3066 1270 3137">
    <p class='ocr_par' dir='ltr' id='par_1_9' title="bbox 162 3066 1270 3137">
     <span class='ocr_line' id='line_1_22' title="bbox 162 3066 1270 3137; baseline -0.001 -13"><span class='ocrx_word' id='word_1_125' title='bbox 162 3070 239 3124; x_wconf 88' lang='lat' dir='ltr'><strong>tibus</strong></span> <span class='ocrx_word' id='word_1_126' title='bbox 258 3068 367 3136; x_wconf 86' lang='lat' dir='ltr'><strong>aliquot</strong></span> <span class='ocrx_word' id='word_1_127' title='bbox 383 3067 414 3121; x_wconf 91' lang='lat' dir='ltr'><strong>in</strong></span> <span class='ocrx_word' id='word_1_128' title='bbox 430 3068 500 3122; x_wconf 84' lang='lat' dir='ltr'><strong>villa</strong></span> <span class='ocrx_word' id='word_1_129' title='bbox 518 3085 569 3122; x_wconf 84' lang='lat' dir='ltr'><strong>sua</strong></span> <span class='ocrx_word' id='word_1_130' title='bbox 582 3067 741 3122; x_wconf 86' lang='lat' dir='ltr'><strong>Tusculana</strong></span> <span class='ocrx_word' id='word_1_131' title='bbox 756 3067 790 3122; x_wconf 93' lang='lat' dir='ltr'><strong>de</strong></span> <span class='ocrx_word' id='word_1_132' title='bbox 804 3067 860 3121; x_wconf 87' lang='lat' dir='ltr'><strong>illis</strong></span> <span class='ocrx_word' id='word_1_133' title='bbox 874 3066 957 3122; x_wconf 90' lang='lat' dir='ltr'><strong>rebus</strong></span> <span class='ocrx_word' id='word_1_134' title='bbox 974 3067 1172 3137; x_wconf 84' lang='lat' dir='ltr'><strong>disputavisse,</strong></span> <span class='ocrx_word' id='word_1_135' title='bbox 1269 3067 1270 3094; x_wconf 78' lang='lat'>³</span> 
     </span>
    </p>
   </div>
   <div class='ocr_carea' id='block_1_10' title="bbox 165 3136 1173 3278">
    <p class='ocr_par' dir='ltr' id='par_1_10' title="bbox 165 3136 1173 3278">
     <span class='ocr_line' id='line_1_23' title="bbox 165 3136 1172 3208; baseline 0 -14"><span class='ocrx_word' id='word_1_136' title='bbox 165 3155 237 3207; x_wconf 87' lang='lat' dir='ltr'><strong>quae</strong></span> <span class='ocrx_word' id='word_1_137' title='bbox 255 3139 285 3192; x_wconf 88' lang='lat' dir='ltr'><strong>in</strong></span> <span class='ocrx_word' id='word_1_138' title='bbox 303 3139 347 3192; x_wconf 92' lang='lat' dir='ltr'><strong>his</strong></span> <span class='ocrx_word' id='word_1_139' title='bbox 365 3136 444 3194; x_wconf 88' lang='lat' dir='ltr'><strong>libris</strong></span> <span class='ocrx_word' id='word_1_140' title='bbox 461 3139 631 3206; x_wconf 76' lang='lat' dir='ltr'><strong>tractantur3</strong></span> <span class='ocrx_word' id='word_1_141' title='bbox 652 3137 717 3192; x_wconf 86' lang='lat' dir='ltr'><strong>vide</strong></span> <span class='ocrx_word' id='word_1_142' title='bbox 736 3139 836 3192; x_wconf 87' lang='lat' dir='ltr'><strong>horum</strong></span> <span class='ocrx_word' id='word_1_143' title='bbox 853 3137 978 3206; x_wconf 86' lang='lat' dir='ltr'><strong>ipsorum</strong></span> <span class='ocrx_word' id='word_1_144' title='bbox 995 3137 1044 3194; x_wconf 88' lang='lat' dir='ltr'><strong>lib.</strong></span> <span class='ocrx_word' id='word_1_145' title='bbox 1064 3137 1090 3192; x_wconf 92' lang='lat' dir='ltr'>V</span> <span class='ocrx_word' id='word_1_146' title='bbox 1109 3156 1172 3208; x_wconf 85' lang='lat' dir='ltr'><strong>cap.</strong></span> 
     </span>
     <span class='ocr_line' id='line_1_24' title="bbox 165 3207 1173 3278; baseline 0.002 -16"><span class='ocrx_word' id='word_1_147' title='bbox 165 3218 180 3262; x_wconf 89' lang='lat'>1</span> <span class='ocrx_word' id='word_1_148' title='bbox 200 3215 215 3274; x_wconf 68' lang='grc' dir='ltr'><strong>ς</strong></span> <span class='ocrx_word' id='word_1_149' title='bbox 236 3217 264 3276; x_wconf 87' lang='grc'><strong>1,</strong></span> <span class='ocrx_word' id='word_1_150' title='bbox 283 3211 315 3263; x_wconf 80' lang='lat' dir='ltr'><strong>de</strong></span> <span class='ocrx_word' id='word_1_151' title='bbox 332 3210 502 3264; x_wconf 75' lang='lat' dir='ltr'><strong>divinatione</strong></span> <span class='ocrx_word' id='word_1_152' title='bbox 523 3207 572 3263; x_wconf 87' lang='lat' dir='ltr'><strong>lib.</strong></span> <span class='ocrx_word' id='word_1_153' title='bbox 596 3209 623 3262; x_wconf 92' lang='lat' dir='ltr'><strong>II</strong></span> <span class='ocrx_word' id='word_1_154' title='bbox 646 3224 705 3278; x_wconf 77' lang='lat' dir='ltr'><strong>cup.</strong></span> <span class='ocrx_word' id='word_1_155' title='bbox 727 3215 741 3262; x_wconf 93' lang='lat'>1</span> <span class='ocrx_word' id='word_1_156' title='bbox 761 3213 776 3272; x_wconf 63' lang='grc' dir='ltr'><strong>ξ</strong></span> <span class='ocrx_word' id='word_1_157' title='bbox 795 3214 823 3278; x_wconf 77' lang='lat'><strong>2,</strong></span> <span class='ocrx_word' id='word_1_158' title='bbox 847 3209 880 3262; x_wconf 82' lang='lat' dir='ltr'><strong>de</strong></span> <span class='ocrx_word' id='word_1_159' title='bbox 901 3209 961 3276; x_wconf 78' lang='lat' dir='ltr'><strong>fato</strong></span> <span class='ocrx_word' id='word_1_160' title='bbox 984 3225 1044 3278; x_wconf 87' lang='lat' dir='ltr'><strong>cap.</strong></span> <span class='ocrx_word' id='word_1_161' title='bbox 1069 3216 1085 3264; x_wconf 81' lang='lat'>2</span> <span class='ocrx_word' id='word_1_162' title='bbox 1109 3215 1125 3274; x_wconf 65' lang='grc' dir='ltr'><strong>ς</strong></span> <span class='ocrx_word' id='word_1_163' title='bbox 1147 3215 1173 3277; x_wconf 82' lang='grc'><strong>7,</strong></span> 
     </span>
    </p>
   </div>
   <div class='ocr_carea' id='block_1_11' title="bbox 164 3275 1270 3348">
    <p class='ocr_par' dir='ltr' id='par_1_11' title="bbox 164 3275 1270 3348">
     <span class='ocr_line' id='line_1_25' title="bbox 164 3275 1270 3348; baseline 0.004 -16"><span class='ocrx_word' id='word_1_164' title='bbox 164 3281 202 3333; x_wconf 85' lang='lat' dir='ltr'><strong>ad</strong></span> <span class='ocrx_word' id='word_1_165' title='bbox 225 3281 348 3338; x_wconf 75' lang='lat' dir='ltr'><strong>Atticam</strong></span> <span class='ocrx_word' id='word_1_166' title='bbox 370 3279 494 3333; x_wconf 61' lang='lat' dir='ltr'><strong>libsxv</strong></span> <span class='ocrx_word' id='word_1_167' title='bbox 517 3295 560 3346; x_wconf 88' lang='lat' dir='ltr'><strong>ep.</strong></span> <span class='ocrx_word' id='word_1_168' title='bbox 585 3285 601 3332; x_wconf 77' lang='lat'>2</span> <span class='ocrx_word' id='word_1_169' title='bbox 624 3284 639 3344; x_wconf 69' lang='grc' dir='ltr'><strong><em>ξ</em></strong></span> <span class='ocrx_word' id='word_1_170' title='bbox 663 3284 693 3346; x_wconf 91' lang='grc'><strong>4,</strong></span> <span class='ocrx_word' id='word_1_171' title='bbox 715 3278 752 3332; x_wconf 89' lang='lat' dir='ltr'><strong>ib.</strong></span> <span class='ocrx_word' id='word_1_172' title='bbox 779 3293 822 3348; x_wconf 89' lang='lat' dir='ltr'><strong>ep.</strong></span> <span class='ocrx_word' id='word_1_173' title='bbox 842 3284 859 3332; x_wconf 99' lang='lat'>4</span> <span class='ocrx_word' id='word_1_174' title='bbox 877 3283 892 3344; x_wconf 69' lang='grc'>5</span> <span class='ocrx_word' id='word_1_175' title='bbox 911 3285 940 3346; x_wconf 80' lang='lat'><strong>2,</strong></span> <span class='ocrx_word' id='word_1_176' title='bbox 963 3279 1106 3334; x_wconf 83' lang='lat' dir='ltr'><strong>Luctantii</strong></span> <span class='ocrx_word' id='word_1_177' title='bbox 1128 3281 1173 3336; x_wconf 81' lang='lat' dir='ltr'><strong>in·</strong></span> <span class='ocrx_word' id='word_1_178' title='bbox 1269 3275 1270 3278; x_wconf 45' lang='lat'>&#39;</span> 
     </span>
    </p>
   </div>
   <div class='ocr_carea' id='block_1_12' title="bbox 164 3345 1175 3624">
    <p class='ocr_par' dir='ltr' id='par_1_12' title="bbox 164 3345 1175 3624">
     <span class='ocr_line' id='line_1_26' title="bbox 164 3345 1173 3419; baseline 0.003 -17"><span class='ocrx_word' id='word_1_179' title='bbox 164 3350 250 3403; x_wconf 82' lang='lat' dir='ltr'><strong>stitct.</strong></span> <span class='ocrx_word' id='word_1_180' title='bbox 270 3351 355 3404; x_wconf 74' lang='lat' dir='ltr'><strong>diota.</strong></span> <span class='ocrx_word' id='word_1_181' title='bbox 375 3349 423 3404; x_wconf 91' lang='lat' dir='ltr'><strong>lib.</strong></span> <span class='ocrx_word' id='word_1_182' title='bbox 443 3350 482 3402; x_wconf 91' lang='grc' dir='ltr'><strong>ΙΙΙ</strong></span> <span class='ocrx_word' id='word_1_183' title='bbox 501 3364 561 3416; x_wconf 85' lang='lat' dir='ltr'><strong>cap.</strong></span> <span class='ocrx_word' id='word_1_184' title='bbox 581 3345 623 3402; x_wconf 86' lang='lat'><strong>14.</strong></span> <span class='ocrx_word' id='word_1_185' title='bbox 660 3349 806 3402; x_wconf 84' lang='lat' dir='ltr'><strong>Inchoavit</strong></span> <span class='ocrx_word' id='word_1_186' title='bbox 829 3349 881 3403; x_wconf 91' lang='lat' dir='ltr'><strong>hos</strong></span> <span class='ocrx_word' id='word_1_187' title='bbox 898 3349 986 3402; x_wconf 87' lang='lat' dir='ltr'><strong>libros</strong></span> <span class='ocrx_word' id='word_1_188' title='bbox 1005 3367 1078 3404; x_wconf 89' lang='lat' dir='ltr'><strong>auno</strong></span> <span class='ocrx_word' id='word_1_189' title='bbox 1096 3368 1124 3419; x_wconf 92' lang='lat' dir='ltr'><strong>p.</strong></span> <span class='ocrx_word' id='word_1_190' title='bbox 1144 3369 1173 3406; x_wconf 89' lang='lat' dir='ltr'><strong>u.</strong></span> 
     </span>
     <span class='ocr_line' id='line_1_27' title="bbox 165 3417 1174 3486; baseline 0.004 -16"><span class='ocrx_word' id='word_1_191' title='bbox 165 3435 188 3470; x_wconf 90' lang='lat' dir='ltr'><strong>c.</strong></span> <span class='ocrx_word' id='word_1_192' title='bbox 209 3424 273 3486; x_wconf 76' lang='lat'><strong>709,</strong></span> <span class='ocrx_word' id='word_1_193' title='bbox 297 3434 368 3472; x_wconf 86' lang='lat' dir='ltr'><strong>anno</strong></span> <span class='ocrx_word' id='word_1_194' title='bbox 392 3435 417 3473; x_wconf 90' lang='lat' dir='ltr'><strong>a.</strong></span> <span class='ocrx_word' id='word_1_195' title='bbox 438 3417 503 3472; x_wconf 86' lang='lat' dir='ltr'><strong>Chr.</strong></span> <span class='ocrx_word' id='word_1_196' title='bbox 525 3419 583 3472; x_wconf 85' lang='lat' dir='ltr'><strong>nat.</strong></span> <span class='ocrx_word' id='word_1_197' title='bbox 607 3424 655 3485; x_wconf 79' lang='lat'><strong>45,</strong></span> <span class='ocrx_word' id='word_1_198' title='bbox 678 3417 801 3473; x_wconf 85' lang='lat' dir='ltr'><strong>absolvit</strong></span> <span class='ocrx_word' id='word_1_199' title='bbox 824 3420 889 3472; x_wconf 87' lang='lat' dir='ltr'><strong>ante</strong></span> <span class='ocrx_word' id='word_1_200' title='bbox 907 3421 1027 3474; x_wconf 87' lang='lat' dir='ltr'><strong>mortem</strong></span> <span class='ocrx_word' id='word_1_201' title='bbox 1045 3419 1174 3476; x_wconf 84' lang='lat' dir='ltr'><strong>Caesaris</strong></span> 
     </span>
     <span class='ocr_line' id='line_1_28' title="bbox 165 3487 1175 3558; baseline 0.006 -18"><span class='ocrx_word' id='word_1_202' title='bbox 165 3503 238 3540; x_wconf 85' lang='lat' dir='ltr'><strong>anno</strong></span> <span class='ocrx_word' id='word_1_203' title='bbox 256 3505 283 3555; x_wconf 88' lang='lat' dir='ltr'><strong>p.</strong></span> <span class='ocrx_word' id='word_1_204' title='bbox 302 3505 330 3542; x_wconf 92' lang='lat' dir='ltr'><strong>u.</strong></span> <span class='ocrx_word' id='word_1_205' title='bbox 350 3505 372 3542; x_wconf 89' lang='lat' dir='ltr'><strong>o.</strong></span> <span class='ocrx_word' id='word_1_206' title='bbox 393 3493 456 3554; x_wconf 75' lang='lat'>710,</span> <span class='ocrx_word' id='word_1_207' title='bbox 475 3502 548 3541; x_wconf 87' lang='lat' dir='ltr'><strong>auno</strong></span> <span class='ocrx_word' id='word_1_208' title='bbox 567 3503 592 3543; x_wconf 82' lang='lat' dir='ltr'><strong>a.</strong></span> <span class='ocrx_word' id='word_1_209' title='bbox 612 3487 674 3542; x_wconf 86' lang='lat' dir='ltr'><strong>Chr.</strong></span> <span class='ocrx_word' id='word_1_210' title='bbox 693 3489 751 3542; x_wconf 85' lang='lat' dir='ltr'><strong>nat.</strong></span> <span class='ocrx_word' id='word_1_211' title='bbox 771 3494 812 3542; x_wconf 86' lang='lat'><strong>44.</strong></span> <span class='ocrx_word' id='word_1_212' title='bbox 853 3488 1057 3558; x_wconf 78' lang='lat' dir='ltr'><strong>Argumentum</strong></span> <span class='ocrx_word' id='word_1_213' title='bbox 1076 3494 1175 3545; x_wconf 85' lang='lat' dir='ltr'><strong>autem</strong></span> 
     </span>
     <span class='ocr_line' id='line_1_29' title="bbox 164 3555 658 3624; baseline 0.008 -17"><span class='ocrx_word' id='word_1_214' title='bbox 164 3555 246 3608; x_wconf 88' lang='lat' dir='ltr'><strong>huius</strong></span> <span class='ocrx_word' id='word_1_215' title='bbox 266 3557 349 3624; x_wconf 89' lang='lat' dir='ltr'><strong>primi</strong></span> <span class='ocrx_word' id='word_1_216' title='bbox 367 3556 434 3610; x_wconf 89' lang='lat' dir='ltr'><strong>libri</strong></span> <span class='ocrx_word' id='word_1_217' title='bbox 451 3557 509 3610; x_wconf 87' lang='lat' dir='ltr'><strong>fere</strong></span> <span class='ocrx_word' id='word_1_218' title='bbox 527 3557 582 3612; x_wconf 86' lang='lat' dir='ltr'><strong>hoc</strong></span> <span class='ocrx_word' id='word_1_219' title='bbox 603 3558 658 3611; x_wconf 81' lang='lat' dir='ltr'><strong>est:</strong></span> 
     </span>
    </p>
   </div>
   <div class='ocr_carea' id='block_1_13' title="bbox 0 0 1297 3950">
    <p class='ocr_par' dir='ltr' id='par_1_13' title="bbox 0 0 1297 3950">
     <span class='ocr_line' id='line_1_30' title="bbox 0 0 1297 3950; baseline 0 0"><span class='ocrx_word' id='word_1_220' title='bbox 0 0 1297 3950; x_wconf 95' lang='lat' dir='ltr'><strong> </strong></span> 
     </span>
    </p>
   </div>
  </div>
 </body>
</html>
