2552 3966
164 210 208 274 56
420 208 712 264 AOADEMICORUM
732 207 898 262 PRIORUM

165 372 230 438 alic
243 371 335 456 falsa,
354 371 410 456 qui
424 392 462 435 ea
476 369 673 455 distinguis?
709 367 771 436 Sed
791 370 909 454 desine,
932 391 1063 455 quaeso,
1086 390 1178 434 com·

164 461 314 545 munibus
336 459 431 542 locis;
454 459 540 524 domi
562 459 657 524 nobis
675 457 741 522 ista
761 461 949 523 nascuntur.
990 457 1033 542 si,
1052 458 1181 541 inquis,

165 549 243 612 deus
270 551 303 612 te
335 547 527 631 interroget,
559 545 646 610 senis
673 545 769 610 modo
796 549 830 609 et
859 545 995 632 integris
1022 546 1180 610 sensibus

165 658 242 700 num
261 634 399 718 emplius
419 634 495 719 quid
517 633 688 718 desideres,
710 632 787 718 quid
808 631 1027 716 respondeas?
1041 667 1083 679 -
1098 631 1179 697 Uti·

164 745 241 789 nam
264 722 395 807 quidem
417 723 523 807 rogetl
547 721 665 803 audiet,
688 742 785 805 quam
803 721 972 786 nobiscum
994 721 1078 785 male
1098 740 1179 804 ege·
1195 744 1219 786 ⁵

164 812 218 876 rit.
262 811 309 876 Ut
335 810 422 874 enim
444 830 521 874 vera
547 809 725 891 videamus,
755 830 851 892 quam
878 808 975 894 longe
1002 806 1179 873 videmus?

164 899 236 984 Ego
260 897 369 964 Catuli
392 895 573 962 Cumanum
596 917 635 961 ex
666 896 827 961 hocloco
859 917 954 962 cerno
992 895 1180 978 [regionem

165 987 287 1069 video],
305 985 539 1068 Pompeianum
557 1005 623 1049 non
637 1006 741 1062 cerno,
763 1004 865 1068 neque
878 984 1051 1068 quicquam
1073 983 1180 1048 inter-

165 1075 285 1140 iectum
309 1077 367 1156 est,
390 1072 476 1156 quod
499 1072 615 1156 obstet,
638 1071 693 1137 sed
711 1071 836 1136 intendi
855 1072 940 1136 acies
957 1071 1086 1156 longius
1104 1092 1179 1136 non

164 1164 281 1245 potest.
318 1159 345 1224 0
368 1159 568 1244 praeclarum
590 1161 811 1244 prospectuml
840 1158 994 1224 Puteolos
1017 1158 1179 1243 videmus,
1196 1187 1232 1226 ιο

166 1253 202 1313 ct
229 1247 425 1312 familiarem
446 1251 595 1312 nostrum
617 1245 651 1312 Ο.
673 1247 848 1312 Avianium
874 1247 1013 1312 fortasse
1039 1247 1075 1310 in
1100 1268 1179 1329 por·

111 1351 146 1402 81
166 1336 233 1401 ticu
269 1334 414 1419 Neptuni
456 1334 678 1399 ambulantem
718 1356 786 1399 non
821 1334 976 1401 videmus.
1034 1335 1080 1399 At
1117 1333 1178 1399 ille

166 1424 273 1489 nescio
296 1423 363 1508 qui,
384 1423 440 1508 qui
462 1423 497 1487 in
519 1422 638 1487 scholis
661 1422 822 1487 nominari
845 1422 937 1507 solet,
959 1422 1049 1486 mille
1068 1425 1100 1487 et
1121 1444 1178 1487 oo-

153 1512 314 1597 tingenta
337 1511 442 1576 stadia
464 1511 550 1594 quod
573 1510 709 1594 abesset,
732 1510 871 1575 videbat.
900 1510 1064 1587 Quaedam
1082 1511 1176 1590 volu·

167 1619 236 1664 eres
258 1599 395 1685 longius.
431 1597 671 1683 Responderem
693 1598 794 1682 igitur
811 1597 965 1663 audacter
985 1598 1042 1664 isti
1064 1601 1177 1662 vestro
1195 1625 1224 1665 ιε,

167 1688 226 1753 deo
249 1709 300 1751 me
329 1687 426 1771 plene
453 1686 505 1751 his
528 1686 630 1752 oculis
655 1708 724 1751 non
747 1707 816 1752 esse
840 1689 1035 1751 contentum.
1079 1684 1179 1750 Dicet

166 1798 218 1842 me
237 1776 341 1841 acrius
356 1776 463 1840 videre
478 1795 575 1858 quam
597 1774 671 1838 illos
694 1774 799 1857 pisces
822 1772 974 1853 sortasse,
996 1773 1052 1857 qui
1069 1795 1177 1856 neque

166 1865 316 1930 videntur
338 1886 358 1928 c
379 1862 475 1928 nobis
499 1865 531 1926 ct
552 1883 638 1927 nunc
660 1861 789 1945 quidem
808 1862 869 1925 sub
888 1862 989 1927 oculis
1013 1865 1099 1945 sunt,
1120 1883 1178 1925 ne-

167 1973 229 2036 que
257 1952 323 2034 ipsi
345 1972 405 2015 nos
429 1949 589 2032 suspicere
619 1952 764 2033 possunt
808 1947 898 2035 Ergo
921 1954 959 2014 ut
987 1949 1052 2014 illis
1081 1971 1177 2033 aqua,

167 2040 215 2102 sic
235 2038 331 2102 nobis
354 2042 409 2101 atr
431 2057 558 2101 crassus
581 2037 764 2102 offunditur.
804 2037 851 2101 At
872 2037 1011 2121 amplius
1032 2058 1098 2102 non
1120 2037 1176 2101 de·
1191 2065 1222 2104 so

168 2125 353 2190 sideramus.
384 2123 491 2201 Quid?
508 2124 633 2208 talpam
646 2146 725 2190 num
738 2124 918 2190 desiderare
930 2126 1041 2190 lumen
1053 2125 1176 2208 putas?

166 2213 278 2297 Neque
292 2215 361 2276 tam
374 2232 523 2296 quererer
536 2232 608 2276 cum
628 2211 696 2295 deo,
715 2211 800 2296 quod
817 2234 932 2296 parum
950 2213 1057 2298 longe,
1076 2235 1176 2306 quem

167 2299 253 2385 quod
282 2299 403 2365 falsum
431 2298 581 2364 viderem.
626 2297 766 2366 Videsne
795 2321 911 2366 navem
942 2299 1054 2365 illam?
1087 2305 1174 2364 stare
1270 2339 1271 2352 ÷

167 2389 260 2453 nobis
284 2387 423 2472 videtum
456 2390 491 2451 at
513 2387 568 2470 iis,
595 2389 651 2473 qui
674 2388 709 2452 in
730 2388 806 2452 navi
829 2391 917 2472 sunt,
944 2389 1067 2454 moveri
1092 2388 1175 2453 haec

167 2477 255 2542 villa.
300 2475 425 2552 Quaere
454 2475 626 2560 rationem,
656 2497 712 2540 cur
743 2475 791 2539 ita
816 2476 977 2559 videatur3
1009 2497 1107 2560 quam
1136 2479 1174 2541 ut
1189 2500 1219 2542 se

166 2565 304 2629 maxime
321 2562 493 2646 inveneris,
515 2562 602 2647 quod
623 2563 710 2627 haud
728 2563 794 2627 scio
818 2585 858 2628 an
881 2585 948 2628 non
969 2564 1085 2648 possis,
1107 2585 1175 2629 non

115 2691 158 2756 26
167 2655 204 2716 tu
226 2673 337 2716 verum
360 2655 388 2716 tc
409 2654 526 2715 testem
553 2651 686 2735 habere,
714 2650 769 2714 sed
792 2672 865 2714 eum
890 2672 958 2716 non
985 2652 1054 2716 sine
1076 2671 1174 2717 causa

113 2780 149 2830 82
167 2738 286 2802 falsum
317 2737 540 2802 testimonium
570 2737 676 2802 dicere
699 2737 884 2802 ostenderis.
931 2737 1014 2815 Quid
1042 2759 1103 2825 ego
1135 2739 1173 2804 de

167 2824 271 2890 nave?
293 2825 360 2888 vidi
374 2824 459 2888 enim
473 2847 493 2889 c
506 2827 539 2888 te
557 2845 682 2888 remum
695 2827 865 2890 contemni.
896 2825 1022 2892 Maiore
1034 2827 1173 2892 fortasse

167 2912 305 2997 quaeris.
341 2910 425 2987 Quid
447 2914 557 2994 potest
571 2932 639 2976 esse
653 2911 722 2976 sole
736 2912 863 2976 maius?
886 2935 982 2996 quem
997 2913 1172 2980 mathema·
1185 2939 1213 2981 eo

167 3001 224 3065 tici
242 2998 380 3082 amplius
403 2997 623 3082 duodeviginti
646 2999 794 3082 pertibus
813 3001 1005 3066 confirmant
1017 3002 1172 3068 maiorem

168 3109 237 3152 esse
269 3108 366 3171 quem
397 3089 525 3150 terrem.
580 3084 761 3161 Quantulus
792 3087 886 3152 nobis
917 3088 1057 3154 videtur!
1093 3090 1173 3155 mihi

168 3175 296 3259 quidem
311 3173 402 3258 quasi
415 3173 553 3256 pedalis3
566 3171 727 3257 Epicurus
742 3178 850 3239 eutem
863 3195 957 3258 posse
970 3177 1172 3260 putatetiam
1267 3193 1268 3196 ’

167 3264 324 3328 minorem
338 3281 407 3326 esse
426 3281 507 3344 eum,
530 3282 628 3343 quam
650 3260 805 3344 videatur,
827 3262 972 3327 sednon
994 3265 1110 3348 mult03
1132 3287 1171 3330 ne

168 3350 325 3414 maiorem
348 3347 476 3431 quidem
504 3347 607 3411 multo
634 3350 728 3430 putat
749 3369 833 3431 esse,
865 3349 916 3414 vel
943 3354 1072 3416 tantum
1094 3373 1208 3436 essese

168 3441 307 3519 quantus
335 3436 493 3516 videatur,
526 3438 564 3497 ut
586 3434 671 3498 oculi
700 3437 757 3498 aut
785 3436 866 3500 nihil
895 3437 1096 3520 mentiantur
1117 3445 1172 3506 aut

165 3542 235 3586 non
247 3523 385 3587 multum
404 3520 609 3587 mentiantur.
637 3519 703 3585 Ubi
722 3521 823 3608 igitur
839 3522 920 3587 illud
933 3529 984 3590 est
1002 3523 1170 3594 ‘semel'l
