2470 3962
370 176 437 232 ain
453 177 478 231 .1‚
506 176 689 260 ome-a
718 183 856 243 sc-ro.
1034 177 1037 184 ·
1093 179 1112 242 u

98 339 306 422 probabilem
329 343 368 404 tu
389 339 516 422 quidem
535 338 657 422 adfers}
678 343 735 404 aut
753 339 839 404 enim
861 339 984 406 Graeca
1006 341 1113 426 legere

102 429 240 505 malent,
270 427 442 512 quierunt
469 427 598 510 eruditi,
627 431 684 492 aut
713 450 754 492 ne
782 428 862 492 haec
888 429 1030 512 quidem,
1058 431 1113 514 qui

103 515 161 583 ille
186 515 347 599 nescient;
373 515 430 580 sed
459 537 530 580 eam
553 515 634 578 mihi
656 537 722 582 uon
745 537 821 580 sane
844 517 972 599 probas.
1008 517 1112 584 lmmo

103 623 181 668 uero
207 607 240 670 et
266 603 360 687 haec,
387 604 442 688 qui
468 603 527 668 illa
553 625 620 668 non
646 607 811 687 poterunt,
835 607 879 688 et,
908 605 962 688 qui
990 604 1114 672 Graeca

75 693 272 775 spoterunt,
309 713 377 758 non
407 694 614 756 contemnent
646 714 710 756 sua
765 691 849 768 Quid
879 693 965 756 enim
997 715 1113 758 causae

104 781 168 860 est,
191 801 248 845 cur
270 783 386 866 pobtcs
403 779 538 844 Latinos
557 777 688 844 Graecis
712 780 831 844 litteris
855 780 972 845 eruditi
994 781 1113 866 legant,

103 866 317 950 philosophos
349 889 413 932 non
445 867 581 952 legant?
615 890 657 932 an
693 869 769 952 quia
805 869 956 933 delectat
979 869 1114 954 Ennius,
1140 889 1142 896 ·

103 953 275 1033 Pacuuius,
300 955 425 1039 Attius,
447 956 543 1020 multi
567 955 637 1038 alii,
667 957 723 1039 qui
743 978 810 1022 non
831 957 942 1041 verba,
969 957 1025 1022 sed
1048 958 1114 1021 vim

103 1041 303 1116 Graecorum
335 1047 560 1127 expresserunt
594 1045 786 1127 politanum?
845 1045 976 1122 Quanto
1009 1046 1114 1130 magis

64 1131 293 1214 rophilosophi
327 1131 547 1214 delectabrmt,
579 1133 620 1214 si,
656 1136 693 1196 ut
727 1131 778 1196 illi
809 1132 1020 1218 Aeschylum,
1058 1133 1114 1199 So·

103 1219 269 1302 phoclem,
291 1219 494 1304 Euripidem,
517 1221 564 1284 sic
585 1220 621 1284 hi
643 1219 813 1287 Platonem
834 1212 1016 1304 imitentur,
1041 1222 1115 1286 Ani·

103 1307 270 1390 stotelem,
303 1307 588 1392 Theophrastum?
643 1307 796 1374 Oratores
829 1311 958 1396 quidem
989 1311 1115 1375 budam

102 1396 214 1478 video,
246 1397 275 1460 si
302 1397 359 1480 qui
384 1418 401 1460 e
428 1397 547 1462 nestris
575 1395 774 1480 Hyperidem
808 1398 874 1462 sint
908 1403 964 1462 aut
997 1398 1115 1464 Demo·

1 1559 2 1564 γ
103 1483 254 1550 sthenem
271 1483 401 1549 imitati.
435 1484 507 1569 ligo
527 1487 636 1548 autem
655 1485 775 1570 (dicam
793 1487 893 1570 enim,
915 1489 953 1550 ut
969 1508 1021 1551 res
1041 1484 1113 1572 est),
1135 1499 1167 1546 11

65 1599 90 1638 15
104 1571 182 1636 dum
214 1594 267 1638 me
296 1572 446 1656 ambitio,
477 1573 553 1642 dum
583 1572 738 1657 honores,
770 1573 845 1638 dnm
877 1595 1008 1658 causae,
1040 1575 1114 1639 dum

104 1661 153 1724 rei
174 1661 326 1743 publicae
343 1683 410 1726 non
428 1662 533 1726 solum
555 1682 643 1744 cura,
667 1661 723 1726 sed
742 1663 899 1744 quaedam
922 1663 1020 1726 etiam
1042 1685 1115 1746 pro·

104 1749 230 1814 curatio
254 1749 366 1814 multis
384 1749 500 1814 officiis
523 1749 723 1833 implicatum
742 1753 776 1812 et
794 1750 1003 1814 constrictum
1027 1755 1116 1815 tene·

103 1838 178 1920 bat,
196 1837 278 1901 haec
295 1837 420 1901 inclusa
440 1837 601 1902 habebam
625 1841 667 1920 et,
689 1859 731 1901 ne
753 1837 1003 1922 obsolescerent,
1025 1859 1117 1904 reno·

103 1927 236 2008 vabam,
259 1947 332 1990 cum
355 1925 490 2010 licebat,
516 1925 667 2011 legend03
694 1948 780 1992 nunc
807 1948 883 1992 vero
908 1929 940 1990 et
965 1925 1116 1992 fortunae

66 2041 92 2078 eo
105 2014 301 2099 gravissimo
332 2035 503 2097 percussus
530 2015 663 2078 vulnere
697 2018 730 2078 et
762 2014 1040 2080 administratione
1069 2016 1116 2080 rei

105 2103 256 2186 publicae
289 2101 445 2166 liberatus
479 2101 597 2166 doloris
635 2103 827 2167 medicinam
860 2127 879 2168 a
910 2102 1117 2188 philosophia

104 2194 181 2274 peto
206 2193 240 2254 et
263 2190 322 2254 otii
346 2189 596 2256 oblectationem
614 2191 698 2255 hanc
715 2191 980 2256 honestissimam
1000 2191 1115 2256 iudico.
1194 2234 1196 2240 r

106 2278 175 2344 Aut
198 2278 285 2342 enim
308 2277 386 2342 huic
407 2279 508 2342 aetati
529 2277 591 2342 hoo
615 2279 754 2344 maxime
782 2283 894 2364 aptum
920 2283 971 2345 est
993 2283 1050 2344 aut
1076 2279 1116 2344 iis

106 2368 219 2449 rebus,
247 2365 276 2429 si
299 2387 377 2448 qnos
401 2366 517 2450 dignas
539 2366 634 2434 laude
657 2369 830 2452 gessimus,
857 2368 920 2432 hoc
946 2367 1116 2450 inprimis
1144 2427 1149 2434 .

45 2469 46 2472 ’
68 2458 361 2522 inconsentaneum
390 2458 446 2518 aut
472 2455 572 2518 etiam
599 2454 790 2520 adnostros
818 2455 904 2520 cives
928 2454 1117 2520 erudiendos

106 2543 192 2608 nihil
219 2543 344 2621 utilius,
371 2546 441 2625 aut,
469 2543 497 2606 si
523 2541 604 2606 haec
630 2542 678 2607 ita
704 2565 771 2608 non
798 2546 884 2621 sunt,
917 2543 998 2606 nihil
1029 2543 1117 2607 aliud

107 2632 216 2715 video,
243 2630 327 2714 quod
351 2651 446 2714 agere
473 2631 644 2714 possimus.
693 2631 813 2695 Brutus
841 2631 969 2714 quidem
996 2635 1171 2714 noster,12

109 2721 268 2785 excellens
291 2721 380 2783 omni
396 2739 512 2804 genere
531 2719 648 2802 laudis,
665 2720 712 2784 sio
730 2717 973 2803 philosophiam
991 2718 1118 2784 Latinis

107 2809 229 2874 litteris
257 2807 473 2890 persequitur,
500 2807 581 2871 nihil
608 2811 645 2871 ut
668 2807 784 2872 iisdem
814 2808 970 2873 derebus
995 2806 1119 2872 Graeca

1 2908 3 2913 '
69 2921 96 2962 ao
109 2895 281 2978 desideres,
299 2899 332 2959 et
346 2895 482 2960 eandem
495 2895 623 2978 quidem
638 2897 831 2960 sententiam
850 2896 1003 2982 sequitur,
1022 2918 1119 2980 quam

108 2987 153 3050 tu.
189 2984 276 3050 Nam
298 2983 446 3048 Aristum
469 2983 607 3048 Athenis
631 2983 755 3048 audivit
777 2985 919 3068 aliquam
942 2985 1004 3068 diu,
1027 2985 1118 3048 ouius

109 3077 145 3138 tu
167 3073 303 3138 fratrem
325 3071 532 3151 Antiochum.
574 3070 676 3147 Quam
700 3071 741 3136 ob
764 3094 833 3137 rem
857 3073 907 3156 da,
929 3094 1062 3156 quaeso,
1084 3076 1119 3136 te

108 3161 184 3226 huic
206 3162 305 3226 etiam
328 3161 440 3244 generi
460 3160 650 3225 litterarum.
953 3227 956 3237 ι
1140 3218 1163 3280 4

175 3248 258 3315 Tum
290 3249 360 3313 ille:
405 3248 508 3325 Istue·
525 3249 654 3332 quidem
690 3248 913 3332 considerabo,
949 3269 1008 3312 nco
1042 3269 1117 3313 voro
1139 3296 1172 3343 13

73 3339 179 3403 ussine
215 3342 258 3402 te.
317 3335 380 3402 Sed
417 3337 455 3401 de
491 3340 525 3402 te
559 3337 631 3420 ipso
669 3336 744 3419 quid
779 3340 841 3420 est,
877 3336 996 3420 inquit,
1033 3336 1119 3420 quod

110 3426 233 3492 autlio‘?
274 3425 434 3508 Quanam
456 3426 600 3510 inquam,
623 3425 662 3487 de
684 3428 745 3487 ret
784 3423 945 3487 Relictam
969 3445 989 3486 a
1010 3427 1043 3487 te
1066 3447 1119 3488 ve-

1 3591 2 3594 ,
110 3519 214 3578 terem
251 3513 476 3596 Academiam,
510 3511 629 3594 inquit,
668 3511 802 3574 tractari
842 3514 950 3574 autem
989 3531 1119 3576 novam.
