2564 3950
339 251 407 308 LIB.
427 251 473 305 III.
503 249 580 307 CAP.
602 256 723 306 16-18.
752 255 766 315 ξ
784 257 906 306 34-39.
1065 251 1127 315 371

113 412 237 497 facere,
265 413 317 477 cui
344 413 515 479 minimum
535 415 613 478 ‘esse
641 414 768 478 videtur
794 415 828 479 in
855 413 916 478 hac
939 435 1036 478 causa
1057 415 1130 499 loci,

117 521 201 586 quae
224 505 336 566 tamen
358 503 406 566 ita
428 503 513 567 dicet
535 501 704 586 dupliciter
723 523 792 566 esse
815 505 848 566 te
866 502 1033 586 iniustum,
1056 525 1130 568 cum

117 595 152 654 et
182 589 324 654 alienum
353 590 499 674 adpetes,
527 590 583 675 qui
609 590 755 656 mortalis
782 594 878 655 natus
907 590 1129 658 condicionem

115 679 264 762 postules
287 679 510 743 inmortalium
535 682 567 744 et
590 679 731 764 graviter
752 678 838 743 feras
861 683 907 763 te,
931 679 1015 764 quod
1038 685 1128 745 uten-

87 766 195 833 sdum
224 769 401 852 acceperis,
428 767 612 832 reddidisse.
662 766 855 832 Prudentiae
878 788 955 832 vero
983 767 1060 852 quid
1082 789 1129 832 re·
1148 780 1182 829 37

118 854 293 938 spondebis
317 855 443 920 docenti
470 856 624 920 virtutem
652 877 722 920 sese
746 877 815 920 esse
843 858 1040 940 contentam,
1067 878 1130 940 quo

117 943 216 1009 modo
241 942 282 1008 ad
304 942 385 1008 bene
408 944 595 1027 vivendum,
623 945 670 1008 sic
693 945 792 1008 etiam
815 945 855 1008 ad
882 943 997 1013 beate?
1043 943 1130 1022 Quae

118 1033 148 1096 si
172 1031 370 1097 extrinsecus
393 1032 532 1117 religata
554 1032 695 1115 pendeat
717 1036 750 1096 et
771 1053 837 1096 non
861 1035 893 1098 et
916 1033 1039 1098 oriatur
1058 1056 1078 1097 a
1096 1054 1130 1098 se

118 1123 153 1184 et
183 1141 294 1184 rursus
328 1118 368 1184 ad
401 1141 435 1184 se
466 1124 647 1186 revertatur
675 1124 707 1185 et
736 1120 846 1187 omnia
874 1143 932 1186 sua
962 1122 1131 1206 complexa

74 1235 103 1274 ro
116 1208 200 1273 nihil
229 1212 364 1291 quaerat
391 1209 532 1292 aliunde,
558 1230 624 1273 non
651 1209 820 1293 intellego,
852 1230 908 1274 cur
935 1213 991 1274 aut
1022 1211 1129 1276 verbis

1 1369 2 1396 ,
116 1301 187 1360 tam
209 1298 415 1361 vehementer
443 1297 587 1362 ornanda
615 1301 733 1383 autre
755 1301 927 1380 tantopere
953 1299 1131 1381 expetenda

117 1383 286 1449 videatur?
342 1385 394 1449 Ad
426 1386 506 1450 haec
537 1386 623 1450 bona
657 1407 709 1450 me
742 1389 770 1450 si
801 1407 947 1469 revocas,
982 1387 1130 1471 Epicure,

116 1494 231 1557 pareo,
264 1494 394 1559 sequor,
431 1478 507 1539 utor
537 1477 570 1538 te
602 1475 672 1558 ipso
705 1474 797 1558 duce,
830 1474 1003 1539 obliviscor
1032 1476 1130 1540 etiam

117 1562 292 1645 malorum,
324 1565 361 1625 ut
392 1562 496 1640 iubes,
530 1583 630 1647 eoque
662 1562 804 1642 facilius,
836 1562 922 1646 quod
956 1584 993 1627 ea
1023 1585 1064 1628 ne
1095 1564 1130 1628 in

1 1693 2 1702 κ
76 1675 103 1716 rs
118 1649 214 1714 malis
252 1649 380 1734 quidem
416 1650 565 1734 ponenda
596 1671 719 1716 censeo.
774 1647 836 1715 Sed
867 1649 1009 1716 traducis
1042 1651 1129 1736 cogi-
1238 1677 1242 1686 ·

117 1738 262 1802 tationes
285 1760 375 1802 meas
399 1739 440 1803 ad
462 1739 656 1823 voluptates.
701 1738 811 1814 Quas?
835 1737 1002 1822 Corporis,
1027 1740 1130 1824 credo,

119 1829 176 1890 aut
212 1848 294 1910 quae
329 1830 462 1912 propter
497 1849 613 1912 eorpus
648 1828 700 1891 vel
736 1827 957 1892 recordatione
988 1828 1040 1891 vel
1073 1849 1130 1911 spe

119 1914 311 1999 cogitentur.
360 1912 449 1980 Num
476 1915 552 1999 quid
576 1919 625 1980 est
647 1914 757 1980 aliud?
787 1919 914 1980 rectene
937 1915 1131 1999 interpretor

119 2003 316 2068 sententiam
347 2003 461 2071 tuam?
514 2001 626 2068 Solent
654 2003 739 2069 enim
770 2004 826 2068 isti
851 2024 970 2089 negare
997 2026 1056 2069 nos
1084 2005 1130 2069 in·
1257 2069 1259 2074 .

77 2117 106 2158 so
119 2091 286 2176 tellegere,
310 2091 387 2175 quid
409 2091 496 2156 dicat
517 2090 687 2177 Epicurus.
727 2091 799 2158 Hoc
822 2093 914 2176 dicit,
937 2096 970 2156 et
991 2092 1053 2158 hoc
1075 2093 1183 2162 illesa

120 2179 277 2244 acriculus
306 2201 357 2244 me
386 2180 535 2244 audiente
566 2180 705 2245 Athenis
741 2202 837 2245 senex
864 2179 963 2264 Zone,
995 2181 1132 2246 istorum

120 2268 341 2352 acutissimus,
365 2268 556 2333 contendere
578 2273 611 2332 et
629 2290 747 2353 magna
769 2291 847 2334 voce
870 2269 974 2333 dicere
997 2271 1132 2354 solebat,

2 2439 3 2444 ἵ
120 2377 194 2421 eum
213 2377 283 2420 esse
301 2356 442 2440 beatum,
461 2357 516 2441 qui
533 2359 759 2442 praesentibus
773 2357 997 2440 voluptatibus
1011 2357 1131 2422 fruere-

2 2461 3 2532 }
119 2447 174 2508 tur
205 2444 442 2529 confideretque
475 2466 508 2508 se
540 2444 715 2509 fruiturum
747 2448 804 2509 aut
830 2445 865 2508 in
893 2445 981 2509 omni
1009 2449 1065 2508 aut
1097 2447 1132 2510 in

2 2537 27 2581 ¹-
79 2558 106 2599 ss
120 2553 240 2617 magna
269 2537 362 2617 parte
391 2534 478 2598 vitae
507 2532 618 2597 dolore
647 2553 714 2596 non
742 2533 973 2597 interveniente
1004 2537 1072 2617 aut,
1103 2536 1131 2599 si

1 2617 4 2676 l
120 2621 342 2706 interveniret,
376 2622 405 2686 si
432 2643 576 2686 summus
602 2621 700 2704 foret,
731 2621 875 2685 futurum
906 2621 1049 2705 brevem,
1082 2623 1133 2688 sin

119 2709 318 2793 productior,
348 2710 422 2793 plus
445 2709 634 2774 habiturum
656 2710 788 2774 iucundi
811 2731 908 2793 quam
931 2709 1022 2793 mali3
1050 2709 1131 2776 haee

120 2798 319 2882 cogitantem
346 2799 416 2862 fore
443 2799 587 2881 beatum,
615 2797 806 2883 praesertim
835 2798 864 2862 si
894 2800 926 2860 et
956 2801 1031 2861 ante
1061 2821 1131 2881 per·

120 2887 222 2969 ceptis
249 2887 345 2951 bonis
374 2889 542 2952 contentus
567 2890 652 2951 esset
678 2892 707 2952 et
730 2908 790 2951 nec
814 2890 952 2951 mortem
973 2907 1032 2950 nec
1055 2887 1131 2952 deos

81 2999 107 3040 so
121 2975 353 3040 extimesceret.
411 2974 521 3040 Habes
557 2974 697 3040 formam
732 2974 867 3059 Epicuri
902 2974 986 3038 vitae
1017 2974 1131 3039 beatae

119 3063 227 3127 verbis
251 3063 390 3128 Zenonis
414 3085 612 3147 expressam,
634 3063 716 3128 nihil
740 3068 777 3127 ut
798 3063 904 3147 possit
925 3063 1047 3147 negari.
1144 3113 1183 3176 18

187 3151 271 3226 Quid
298 3150 399 3237 ergo?
425 3153 561 3216 huiusne
588 3151 675 3215 vitae
702 3151 884 3235 propositio
912 3154 945 3215 et
975 3151 1130 3234 cogitatio
1150 3191 1183 3239 39

120 3244 176 3305 aut
195 3239 372 3323 Thyestem
390 3240 497 3304 levare
516 3239 636 3323 poterit
654 3243 711 3303 aut
728 3242 875 3324 Aeetam,
894 3239 933 3304 de
953 3260 1015 3325 quo
1034 3241 1130 3323 paulo

120 3332 194 3393 ante
223 3328 303 3412 dixi,
332 3332 389 3393 aut
415 3328 623 3392 Telamonem
649 3328 780 3410 pulsum
811 3328 920 3411 patria
950 3327 1132 3393 exulantem

80 3422 216 3502 statque
241 3416 411 3503 egentem?
433 3418 466 3481 in
490 3438 553 3500 quo
577 3416 656 3480 haec
680 3416 851 3481 admiratio
875 3417 988 3481 fiebat:

184 3504 324 3572 Hicine
349 3508 407 3570 est
429 3505 495 3569 ille
518 3504 716 3589 Telamon,
740 3505 850 3570 modo
874 3527 980 3589 quem
1004 3505 1132 3591 gldria

429 3601 431 3605 ’
648 3594 693 3658 ad
717 3594 863 3657 eaelum
888 3595 1043 3679 extulit,
1140 3607 1143 3614 '

911 3697 965 3750 24*
