2552 3966
332 231 399 288 ΜΒ.
417 232 451 287 11.
472 232 557 288 oAP.
576 239 691 290 ss-eo.
719 239 734 300 s
755 241 903 302 rao-125.
1086 237 1128 301 75

118 397 154 458 ut
174 394 355 477 videamus,
376 397 464 459 terra
486 395 657 479 penitusne
678 396 784 460 defixa
806 397 850 461 sit
872 401 906 462 et
928 398 1022 482 quasi
1043 399 1127 463 radi·

118 482 207 546 cibus
232 483 300 547 suis
323 482 457 547 haereat
480 505 523 548 an
545 485 650 548 media
679 483 839 567 pendeat?
883 484 1035 551 Habitari
1058 488 1106 550 ait
1129 509 1181 558 123

117 569 335 654 Xenophanes
365 569 401 634 in
432 571 523 652 luna,
556 593 699 656 eamque
712 593 781 636 esse
803 575 925 636 terram
953 574 1127 639 multarum

117 658 248 722 urbium
278 662 311 723 et
344 659 511 724 montium.
556 658 714 725 Portenta
736 660 897 745 videntur3
931 661 987 725 sed
1017 665 1128 726 tamen

80 771 99 810 5
117 767 175 810 nec
202 745 273 830 ille,
296 746 362 830 ·qui
389 747 483 831 dixit,
514 748 620 811 iurare
649 749 755 832 possit
780 748 829 813 ita
852 770 885 814 se
907 769 977 813 rem
999 749 1128 832 habere,

116 855 221 918 neque
245 854 306 920 ego
329 856 397 899 non
417 835 473 899 ita.
518 834 587 900 Vos
611 837 709 901 etiam
733 837 838 901 dicitis
862 858 931 902 esse
955 858 972 902 e
994 837 1126 922 regione

114 922 209 986 nobis
234 922 269 986 in
292 923 455 987 contraria
476 927 569 1006 parte
592 926 708 1006 terrac,
732 925 787 1009 qui
811 925 953 990 adversis
976 926 1126 1010 vestigiis

115 1012 205 1074 stent
229 1013 341 1074 contra
363 1015 476 1076 nostra
499 1012 651 1096 vestigia,
681 1033 760 1096 quos
790 1008 972 1090 ἀντίποδας
994 1014 1127 1078 vocatis.

114 1096 181 1163 Cur
203 1096 287 1162 mihi
317 1098 422 1183 magis
450 1100 657 1184 suscensetis,
690 1101 745 1184 qui
778 1101 843 1166 ista
869 1122 934 1165 non
963 1123 1125 1185 aspernor,

67 1212 99 1250 ιο
114 1207 214 1270 quam
238 1186 294 1266 eis,
317 1188 372 1270 qui
395 1208 467 1252 oum
491 1187 635 1269 audiunt,
658 1187 803 1271 desipere
821 1209 879 1254 vos
903 1189 1126 1254 arbitrantur?

113 1274 251 1339 Hicetas
267 1271 466 1358 Syracosius,
480 1278 517 1340 ut
532 1275 579 1340 ait
592 1274 845 1360 Theophrastus,
864 1279 997 1361 caelum,
1016 1277 1126 1361 solem,

113 1363 236 1446 lunam,
260 1361 380 1445 stellas,
403 1385 519 1446 supera
541 1362 676 1448 denique
691 1365 799 1428 omnia
822 1370 908 1430 stare
931 1370 1049 1450 censet,
1071 1388 1125 1430 ne·

113 1472 177 1535 que
199 1454 331 1535 praeter
352 1453 473 1515 terram
490 1472 559 1515 rem
573 1451 675 1516 ullam
698 1452 732 1516 iu
750 1453 870 1517 mundo
884 1455 1019 1537 moveri3
1044 1476 1126 1538 quae

113 1559 189 1602 cum
213 1538 333 1602 circum
361 1560 453 1603 axem
482 1561 515 1604 se
548 1562 674 1604 summa
701 1541 866 1606 celeritate
894 1545 1063 1606 convertat
1094 1546 1127 1606 et

68 1652 99 1692 15
113 1629 283 1710 torqueat,
316 1627 426 1691 eadem
455 1627 539 1692 effici
567 1629 688 1712 omnia,
720 1649 814 1712 quae,
848 1628 876 1692 si
904 1633 1011 1695 stante
1036 1633 1127 1694 terra

2 1729 3 1732 ’
113 1715 241 1778 caelum
265 1719 455 1780 moveretur.
487 1715 595 1799 Atque
617 1716 679 1780 hoc
703 1716 802 1780 etiam
824 1715 995 1780 Platonem
1018 1717 1053 1780 in
1076 1717 1126 1780 Ti-

111 1823 207 1867 maeo
231 1802 336 1866 dicere
359 1802 488 1886 quidam
512 1804 726 1887 arbitrantur,
751 1803 806 1868 sed
827 1803 925 1887 paulo
949 1805 1125 1869 obscurius.

113 1890 198 1967 Quid
217 1893 263 1969 tu,
281 1889 444 1974 Epicure?
463 1892 610 1975 loquere,
629 1896 725 1975 putas
741 1892 841 1956 solem
856 1911 927 1956 esse
940 1892 1125 1956 tantulum?

113 2015 158 2024 -
181 1977 256 2062 Ego
279 1979 393 2043 nebia
417 1979 544 2063 quidem
568 1983 704 2044 tantum.
726 2017 771 2026 -
793 1978 839 2044 Et
856 2001 913 2045 vos
933 1981 974 2045 ab
998 1980 1055 2046 illo
1078 1981 1125 2045 in-

70 2093 99 2132 so
112 2066 265 2131 ridemini
289 2069 322 2129 et
347 2067 410 2150 ipsi
437 2066 531 2131 illurn
552 2067 697 2132 vicissim
721 2067 860 2133 eluditis,
905 2067 1003 2134 Liber
1024 2069 1126 2153 igitur

113 2177 134 2219 a
157 2155 219 2219 tali
242 2153 397 2219 inrisione
420 2153 581 2239 Socrates,
601 2155 686 2221 liber
703 2156 817 2222 Aristo
836 2155 946 2241 Chius,
970 2157 1024 2240 qui
1043 2158 1125 2222 nihil

111 2243 254 2308 istorum
287 2243 362 2307 sciri
393 2247 488 2326 putat
518 2265 622 2328 posse.
672 2242 735 2309 Sed
761 2244 857 2309 redeo
886 2246 927 2310 ad
959 2246 1103 2310 animum
1127 2265 1179 2314 124

113 2335 149 2394 et
172 2352 298 2415 corpus.
345 2329 472 2396 Satisne
494 2332 625 2397 tandem
649 2353 687 2396 ea
708 2335 787 2397 nota
811 2337 886 2398 sunt
908 2334 1013 2416 nobiS,
1043 2356 1124 2418 quae

113 2440 289 2483 nervorum
312 2423 430 2484 natura
452 2419 505 2503 sit,
528 2441 608 2503 quae
627 2420 803 2485 venarum?
827 2424 1025 2504 tenemusne,
1048 2423 1124 2505 quid

72 2533 100 2573 ss
115 2507 160 2572 sit
184 2507 325 2591 animus,
347 2507 404 2571 uhi
428 2507 495 2572 sit?
522 2508 657 2593 denique
681 2509 765 2572 sitne
789 2530 844 2586 an,
866 2512 904 2572 ut
926 2507 1123 2572 Dicaearcho

113 2595 222 2660 visum
245 2599 308 2678 est,
329 2615 370 2659 ne
394 2595 437 2660 sit
460 2596 588 2680 quidem
610 2597 718 2661 ullus?
748 2596 777 2659 si
799 2599 861 2678 est,
890 2597 992 2660 trisne
1014 2601 1124 2679 partes

114 2683 252 2766 habeat,
273 2686 311 2746 ut
332 2682 461 2748 Platoni
482 2685 619 2769 placuit,
642 2684 792 2768 rationis,
819 2684 902 2768 irae,
928 2683 1124 2769 cupiditatis,

116 2793 159 2835 an
183 2770 321 2854 simplex
342 2793 487 2855 unusque
511 2773 574 2837 sit?
608 2773 637 2836 si
660 2773 808 2856 simplex,
834 2776 943 2838 utrum
966 2773 1010 2837 sit
1037 2773 1124 2858 ignis

117 2880 159 2922 an
191 2859 300 2923 anima
332 2880 376 2923 an
407 2861 539 2944 sanguis
573 2883 628 2944 an,
660 2865 697 2925 ut
727 2861 939 2940 Xenocrates,
970 2883 1124 2926 numerus

74 2972 102 3012 so
116 2945 207 3012 nullo
236 2946 392 3030 corpore?
423 2944 523 3033 (quod
554 2949 700 3034 intellegi
726 2949 821 3032 quale
850 2950 893 3014 sit
915 2950 969 3014 vix
1000 2948 1124 3036 potest)

116 3038 158 3118 et,
181 3034 334 3119 quidquid
349 3040 407 3119 est,
430 3035 566 3100 mortale
581 3037 624 3101 sit
643 3059 684 3101 an
698 3037 887 3102 aeternum?
910 3059 986 3102 nam
1000 3043 1120 3102 utram-

115 3144 176 3207 que
200 3123 236 3186 in
258 3127 384 3206 partem
406 3123 509 3188 multa
532 3125 690 3189 dicuntur.
720 3123 846 3191 Horum
869 3125 992 3209 aliquid
1014 3129 1122 3190 vestro

115 3210 257 3294 sapienti
271 3214 393 3276 certum
408 3211 545 3294 videtur,
562 3217 683 3295 nostro,
696 3233 737 3276 ne
751 3213 826 3297 quid
842 3215 979 3278 maxime
994 3211 1124 3297 quidem

114 3298 285 3380 probabile
309 3300 365 3382 sit,
397 3301 548 3382 occurrit,
580 3301 628 3365 ita
652 3303 727 3365 sunt
755 3301 791 3366 in
813 3301 973 3385 plerisque
996 3304 1123 3365 contra-

76 3407 104 3451 aa
116 3386 238 3450 riarum
274 3387 437 3452 rationum
477 3388 572 3471 paria
608 3393 780 3453 momenta.
835 3388 893 3454 sin
929 3389 999 3472 agis
1036 3372 1177 3453 vere-40

115 3473 265 3543 condius„
285 3478 318 3539 et
349 3495 400 3538 me
432 3497 579 3558 accusas,
610 3497 676 3540 non
707 3476 793 3559 quod
823 3477 889 3539 tuis
920 3475 1100 3540 rationibus
1125 3461 1177 3510 ¹²⁵

114 3583 181 3626 non
205 3562 383 3646 adsentiar,
413 3562 469 3627 sed
492 3563 577 3646 quod
600 3564 714 3646 nullis,
740 3563 869 3626 vincam
893 3564 1038 3626 animum
1060 3565 1122 3628 cui·
