2544 3952
228 249 234 260 .
325 221 394 277 ιιι.
412 221 458 277 lv.
487 221 705 278 caan-13.
735 226 889 288 ιιι-ιο.
1045 221 1110 288 401

99 384 326 449 enimomnes
350 381 453 466 anxii,
480 383 534 467 qui
558 387 721 468 anguntur
744 383 930 468 aliquando,
957 405 1028 463 nec,
1056 385 1112 469 qui
1176 441 1179 446 .
1250 429 1252 438 ·

99 473 205 556 anxii,
227 492 354 556 semper
377 475 553 556 anguntur,
580 476 617 536 ut
643 471 728 536 inter
748 473 939 538 ebrietatem
965 477 994 536 et
1019 473 1112 538 ebrio

97 562 224 626 ιὶίαιιιιι
255 561 402 638 interest,
435 557 585 645 aliudque
620 564 670 624 est
702 563 880 625 amatorem
910 581 994 642 esse,
1026 560 1112 626 aliud

99 651 276 713 amantem.
321 647 428 732 Atque
451 647 532 712 hacc
555 648 692 712 aliorum
716 648 757 712 ad
780 648 861 714 alios
885 648 1016 714 mo'rbos
1040 669 1112 732 pro·

69 737 233 802 sclivitas
265 736 333 801 late
364 739 469 820 patet,
501 757 576 802 nam
607 735 749 820 pertinet
779 736 820 800 ad
848 757 959 802 omnes
988 741 1140 826 pertun-¹

98 825 265 910 bationes3
293 824 329 889 in
356 824 467 888 multis
495 823 591 889 etiam
621 824 710 889 vitiis
738 827 884 909 apparet,
915 825 971 890 sed
994 845 1111 890 nomen
1130 835 1164 885 ιι

99 935 155 978 ιιι
177 933 245 977 non
266 911 374 978 babet.
420 911 510 997 Ergo
534 915 567 977 et
588 912 691 978 invidi
713 916 747 976 et
768 912 913 978 malivoli
937 915 984 994 [et
1006 913 1111 994 lividi]

100 1003 137 1066 et
164 999 271 1065 timidi
298 1003 332 1065 et
357 999 594 1085 misericordes,
624 1000 700 1085 quia
721 1001 879 1084 proclives
902 1001 1021 1066 adeas
1043 1023 1113 1086 per·

99 1089 319 1173 turbationes,
341 1109 407 1153 non
429 1088 506 1174 quia
529 1109 668 1173 semper,
694 1087 849 1156 feruntun
900 1088 990 1154 Haec
1013 1089 1113 1174 igitur

60 1201 87 1244 ro
100 1176 293 1262 proclivitas
330 1176 371 1241 ad
404 1198 497 1241 suum
534 1176 680 1261 quodque
713 1197 815 1262 genus
904 1177 1112 1242 similitudine

10 1289 11 1298 ¹
101 1265 248 1350 corporis
282 1264 462 1350 aegrotatio
494 1265 633 1346 dicatur,
666 1263 742 1330 dum
774 1287 813 1330 ea
838 1198 1045 1350 &allegatur
1072 1265 1113 1331 ad

10 1375 11 1402 ι
101 1353 339 1438 aegrotandum
367 1353 563 1436 proclivitas.
617 1351 680 1418 Sed
711 1353 791 1418 haec
822 1353 977 1419 inbonis
1007 1355 1113 1438 rebus,

101 1441 190 1526 quod
219 1441 275 1506 alii
303 1441 344 1506 ad
371 1442 437 1505 alic
463 1441 548 1506 bona
570 1445 646 1506 sunt
669 1442 824 1524 aptiores,
853 1441 1033 1506 facilitas
1055 1463 1113 1508 no-

102 1530 254 1612 minetur,
272 1530 307 1593 in
319 1529 415 1593 malis
433 1529 678 1613 proclivitas,
697 1533 733 1594 ut
748 1528 906 1614 significet
923 1527 1113 1615 lapsionern,

62 1641 89 1683 ιι
103 1618 139 1683 in
161 1617 284 1684 neutris
306 1616 426 1682 habeat
450 1618 595 1701 superius
616 1637 750 1682 nomen..

172 1704 353 1782 Quomodo
372 1708 480 1770 autem
498 1704 533 1769 in
551 1725 685 1788 corpore
704 1708 754 1770 est
771 1705 912 1788 morbus,
930 1709 981 1770 est
999 1725 1113 1788 aegro·
1124 1701 1165 1766 13

102 1794 200 1876 tatio,
229 1797 278 1857 est
300 1793 429 1876 vitium,
456 1792 559 1857 sicin
582 1792 698 1857 animo.
743 1791 916 1858 Morbum
946 1794 1113 1877 appellant

102 1881 205 1946 totius
220 1881 362 1966 corporis
380 1880 627 1965 corruptionem,
642 1881 948 1965 aegrotationem
964 1882 1112 1946 morbum

104 1990 178 2034 cum
200 1969 439 2052 imbecillitate,
461 1969 614 2052 vitium,
637 1990 709 2033 cum
731 1971 841 2052 partes
860 1970 1003 2052 corporis
1026 1970 1112 2034 inter
1131 1990 1165 2042 ιι

65 2083 92 2123 ao
106 2077 140 2122 sc
163 2056 335 2136 dissident,
363 2078 402 2121 ex
429 2077 492 2140 quo
520 2057 664 2140 pravitas
692 2056 923 2142 membrorum,
952 2057 1112 2141 distortio,

105 2143 304 2210 deformitas.
352 2143 466 2228 Itaque
497 2143 555 2208 illa
586 2143 662 2228 duo,
694 2144 826 2212 morbus
858 2149 892 2209 et
923 2147 1113 2230 aegrotatio,

106 2255 144 2298 cx
171 2233 272 2296 totius
299 2231 493 2297 valetudinis
522 2233 666 2315 corporis
694 2233 964 2317 conquassatione
987 2237 1020 2298 et
1043 2255 1113 2318 per·

104 2320 289 2386 turbatione
307 2320 499 2406 gignuntur,
521 2319 636 2384 vitium
656 2323 764 2385 autem
782 2321 910 2405 integra
927 2321 1112 2386 valetudine

105 2408 212 2492 ipsum
239 2429 278 2472 ex
306 2429 340 2472 se
367 2408 519 2472 cernitur.
570 2405 632 2472 Sed
661 2407 696 2472 iu
723 2407 833 2472 animo
860 2412 989 2472 tantum
1016 2408 1112 2473 modo

68 2523 93 2564 ss
107 2496 303 2581 cogitatione
330 2517 501 2580 possumus
524 2496 671 2560 morbum
695 2495 736 2560 ab
764 2496 987 2580 aegrotatione
1010 2497 1113 2560 seiun-

106 2605 194 2670 gere,
226 2584 426 2649 vitiositas
454 2587 562 2648 autern
589 2586 639 2647 est
668 2582 798 2648 habitus
827 2587 884 2648 aut
910 2582 1049 2648 adfectio
1078 2584 1113 2647 in

105 2676 175 2737 tota
205 2672 274 2736 vita
305 2673 490 2736 inconstans
522 2674 555 2735 et
586 2693 605 2735 a
639 2690 673 2735 se
704 2670 776 2754 ipsa
807 2671 1009 2736 dissentiens.
1062 2669 1113 2736 Ita

106 2760 157 2843 fit,
179 2762 216 2824 ut
238 2760 273 2825 in
290 2760 393 2824 altera
412 2759 618 2842 corruptione
637 2758 826 2843 opinionum
842 2759 975 2824 morbus
994 2757 1112 2824 efficia·

106 2851 159 2912 tur
177 2851 210 2911 et
228 2847 417 2931 aegrotatio,
436 2846 471 2910 in
485 2847 588 2910 altera
605 2846 825 2911 inconstantia
842 2849 876 2911 et
888 2848 1113 2931 repugnantia.

68 2933 181 3002 coNon
204 2934 290 3000 euim
313 2955 409 3000 omne
431 2935 546 2999 vitium
572 2934 661 3019 paris
689 2933 789 3000 habet
817 2932 1047 3014 dissensiones,
1076 2938 1114 2999 ut

108 3043 229 3106 eorum,
251 3023 391 3107 quinon
413 3023 510 3106 longe
528 3043 548 3088 a
565 3021 725 3107 sapientia
748 3023 880 3105 absunt,
903 3021 1040 3087 adfectio
1065 3026 1114 3086 est

14 3171 17 3178 .
106 3110 161 3175 illa
188 3109 317 3195 quidem
345 3110 529 3194 discrepans
558 3110 621 3175 sibi
648 3110 735 3194 ipsa,
762 3110 838 3175 dum
866 3114 916 3175 est
947 3109 1113 3193 insipiens,

107 3198 161 3264 sed
187 3219 255 3263 non
281 3197 421 3263 distorta
441 3218 500 3264 nec
526 3219 636 3281 prava.
680 3197 788 3263 Morbi
816 3201 924 3262 autem
947 3202 979 3262 et
1001 3217 1113 3282 aegro-

106 3287 245 3352 tationes
276 3291 386 3370 partes
418 3289 494 3350 sunt
526 3285 732 3369 vitiositatis,
764 3286 821 3351 sed
852 3285 1111 3370 perturbationes

70 3399 95 3442 ιι
108 3375 211 3440 sintne
239 3373 381 3440 eiusdem
408 3376 533 3457 partes,
559 3372 704 3458 quaestio
732 3377 790 3439 est
834 3372 926 3438 Vitia
949 3373 1035 3438 enim
1058 3371 1111 3438 ad·
1130 3393 1164 3444 ιο

107 3461 260 3528 factiones
293 3464 369 3528 sunt
399 3464 579 3543 manentes,
609 3461 870 3545 perturbationes
904 3465 1013 3527 autem
1045 3482 1111 3526 mo-

107 3553 227 3634 ventes,
250 3552 375 3615 utnon
396 3549 523 3633 possint
545 3548 762 3614 adfectionum
780 3548 981 3615 manentium
1002 3553 1111 3634 partes

157 3653 265 3696 crurv.
279 3655 298 3695 1.
863 3659 896 3707 26
