2544 3952
351 264 419 318 ΜΒ,
437 265 470 319 V.
486 263 564 318 οΑΡ.
584 269 703 320 ra-ao.
732 269 886 332 §aa-as.
909 311 911 313 ,
1060 265 1126 328 445

7 381 13 446 l
117 427 217 492 morti
240 427 306 490 ianr
328 425 393 508 ipsi
416 426 603 491 adventanti
625 426 758 510 paulum
776 426 948 509 procedere
967 427 1008 491 ob
1032 427 1127 510 viam,

118 513 204 598 quod
226 514 304 578 fecit
327 512 476 597 Catulus,
503 536 600 599 quam
624 515 708 598 quod
731 513 867 598 Marius,
894 515 971 578 talis
994 515 1056 578 viri
1079 515 1126 578 in·

118 603 218 666 teritu
243 624 298 667 sex
322 624 397 667 suos
421 603 557 667 obruere
581 604 764 667 consulatus
784 607 816 666 et
835 603 1053 667 contaminare
1074 623 1125 666 ex-

118 695 257 754 tremum
281 694 409 774 tempus
433 691 560 755 aetatis.

1136 739 1179 804 20

7 823 8 826 =
90 803 104 844 s
186 777 513 862 Duodequadraginta
540 801 641 844 annos
669 782 827 863 tyrannus
851 777 1126 863 Syracusanorum
1146 817 1178 864 57

7 869 10 926 l
118 867 182 930 fuit
209 866 400 950 Dionysius,
428 888 501 931 oum
528 868 668 951 quinque
696 872 729 931 et
756 867 873 952 viginti
898 871 994 932 natus
1025 889 1126 932 annos

7 951 12 990 l
101 954 322 1019 *dominatum
350 955 578 1038 occupavisset.
633 954 704 1032 Qua
735 955 973 1039 pulchritudine
1004 956 1127 1038 urbem,

119 1043 235 1126 quibus
268 1046 376 1107 autem
406 1043 521 1126 opibus
547 1043 728 1136 praeditam
756 1044 909 1108 servitute
939 1065 1126 1127 oppressam

118 1131 225 1195 tenuit
261 1131 438 1195 civitatem!
496 1130 598 1215 Atqui
640 1130 678 1194 de
715 1132 776 1196 hoc
811 1129 941 1196 homine
978 1155 997 1196 a
1032 1133 1126 1196 bonis

7 1253 17 1318 q
80 1245 105 1284 ro
120 1219 306 1284 auctoribus
338 1220 384 1283 sic
416 1219 571 1302 scriptum
603 1219 798 1303 accepimus,
834 1241 994 1285 summam
1028 1219 1127 1285 fuisse

16 1319 26 1343 ’-
120 1307 189 1371 eius
227 1307 261 1370 in
296 1307 385 1371 victu
421 1308 669 1389 temperantiam
704 1307 739 1372 in
781 1307 939 1392 rebusque
976 1308 1127 1392 gerundis

7 1347 13 1466 l
119 1395 226 1459 virum
250 1417 356 1460 acrem
381 1399 412 1459 et
434 1395 642 1479 industrium,
666 1396 802 1463 eundem
820 1399 930 1460 tamen
949 1396 1128 1462 maleficum

119 1487 238 1548 natura
261 1487 294 1548 et
316 1484 479 1548 iniustum.
521 1483 571 1548 Ex
595 1505 657 1569 quo
681 1483 830 1548 'omnibus
853 1483 936 1548 bene
958 1485 1127 1548 veritatem

7 1599 8 1632 l
119 1571 320 1638 intuentibus
344 1572 446 1636 videri
472 1593 601 1636 necesse
629 1575 680 1635 est
703 1573 927 1636 miserrimum.
971 1571 1021 1635 Ea
1043 1572 1128 1636 enim

7 1639 17 1736 l
80 1685 106 1725 15
120 1661 205 1746 ipsa,
233 1682 313 1744 quae
341 1660 559 1743 concupierat,
586 1681 626 1724 ne
653 1663 723 1724 tum
751 1660 893 1743 quidem,
921 1681 993 1724 cum
1020 1661 1128 1725 omnia

7 1751 15 1802 l
121 1771 155 1813 se
186 1769 282 1831 posse
314 1748 476 1830 censebat,
515 1748 777 1832 consequebatur.
837 1748 898 1823 Qui
934 1769 1006 1811 cum
1042 1752 1127 1812 esset
1146 1759 1179 1808 58

119 1837 215 1901 bonis
234 1836 421 1920 parentibus
441 1840 537 1920 atque
555 1835 691 1901 honesto
711 1835 783 1900 loco
798 1839 893 1900 natus
916 1834 991 1920 (etsi
1010 1835 1043 1899 id
1059 1837 1128 1920 qui-

120 1925 193 1988 dem
213 1925 294 1988 alius
316 1925 380 1989 alio
404 1925 498 1989 modo
521 1921 671 2010 tradidit)
695 1923 934 2008 abundaretque
958 1927 990 1988 et
1013 1946 1126 2008 aequa-

120 2013 200 2077 lium
232 2012 508 2076 familiaritatibus
541 2015 574 2076 et
605 2011 836 2076 consuetudine
866 2013 1129 2096 propinquorum,

80 2100 256 2166 rehaberet
288 2101 386 2164 etiam
417 2121 506 2165 more
539 2099 691 2165 Graeciae
729 2099 884 2184 quosdam
917 2100 1129 2165 adulescentis

7 2187 14 2236 ¹-
55 2251 56 2254 ,
122 2209 231 2254 amore
264 2189 464 2270 coniunctos,
502 2188 653 2252 credebat
684 2209 794 2253 eorum
826 2188 960 2266 nemini,
994 2189 1049 2252 sed
1080 2189 1129 2272 iis,

121 2299 203 2361 quos
228 2299 266 2341 ex
288 2277 420 2340 familiis
443 2276 654 2360 locupletium
678 2298 786 2341 servos
810 2275 986 2360 delegerat,
1012 2277 1128 2360 quibus

121 2387 240 2430 nomen
267 2365 432 2428 servitutis
459 2365 528 2447 ipse
555 2364 750 2448 detraxerat,
778 2367 810 2427 et
840 2363 1032 2448 quibusdam
1055 2386 1129 2428 con·
1173 2375 1175 2380 ⁴

122 2453 212 2518 venis
240 2456 273 2516 et
299 2453 377 2518 feris
405 2452 552 2517 barbaris
580 2453 722 2537 corporis
750 2451 927 2516 custodiam
951 2453 1128 2517 committe·

82 2568 108 2609 25
121 2541 189 2606 bat.
234 2540 286 2604 Ita
312 2544 446 2625 propter
473 2540 628 2605 iniustam
656 2540 838 2606 dominatus
862 2540 1072 2624 cupiditatem
1095 2541 1129 2604 in

123 2651 284 2694 carcerem
303 2628 441 2713 quodam
460 2628 556 2694 modo
575 2630 644 2712 ipse
663 2650 696 2693 se
709 2629 891 2694 incluserat.
924 2627 1129 2710 Quinetiam,

122 2739 163 2782 ne
194 2719 319 2782 tonsori
350 2717 468 2782 collum
500 2717 730 2799 committeret,
765 2717 899 2781 tondere
939 2716 1022 2780 filias
1054 2739 1129 2780 suas

123 2805 240 2870 docuit.
293 2804 345 2870 Ita
377 2804 503 2870 sordido
534 2805 740 2889 ancillarique
760 2805 903 2870 ,artificio
931 2805 1038 2888 regiae
1069 2805 1129 2868 vir-

123 2894 215 2979 gines
243 2896 280 2958 ut
310 2893 520 2962 tonstriculae
546 2893 726 2958 tondebant
752 2892 886 2957 barbam
915 2895 947 2957 et
978 2893 1130 2976 capillum

83 3008 109 3048 so
123 2983 235 3066 patris.
267 2981 312 3045 Et
329 2985 438 3046 tamen
456 2981 497 3045 ab
515 2980 567 3045 his
586 2981 676 3066 ipsis,
694 3003 767 3046 cum
785 2981 850 3044 iam
867 2985 975 3045 essent
993 2981 1130 3062 adultae,

122 3072 243 3134 ferrum
262 3070 400 3134 removit
418 3069 631 3154 instituitque,
649 3073 686 3134 ut
699 3067 909 3134 candentibus
928 3068 1130 3152 iuglandium

123 3159 344 3242 putaminibus
363 3158 500 3223 barbam
519 3158 581 3222 sibi
600 3162 633 3222 et
652 3158 803 3240 capillum
822 3158 999 3222 adurerent.
1035 3155 1130 3221 Oum-
1149 3175 1182 3226 59

123 3245 184 3330 que
208 3246 285 3310 duas
308 3268 424 3311 uxores
447 3245 594 3330 baberet,
617 3243 878 3328 Aristomachen,
905 3245 1008 3309 civem
1032 3266 1131 3328 suam,

124 3334 278 3399 Doridem
307 3337 415 3410 autem
441 3334 646 3418 Locrensem,
680 3335 726 3398 sic
752 3339 852 3399 noctu
880 3333 920 3397 ad
947 3353 1001 3396 eas
1030 3333 1131 3396 venti-

83 3449 110 3490 rs
124 3424 231 3506 tabat,
258 3427 294 3487 ut
322 3423 431 3487 omnia
459 3423 679 3506 specularetur
706 3425 739 3486 et
764 3420 1020 3504 perscrutaretur
1049 3424 1131 3485 ante.

7 3579 8 3584 ,
123 3511 168 3576 Et
191 3533 263 3576 cum
285 3511 408 3575 fossam
434 3511 534 3575 latam
558 3510 734 3576 cubiculari
761 3509 846 3574 lecto
870 3508 1132 3574 circumdedisset

7 3629 17 3692 q
123 3601 253 3684 eiusque
272 3599 377 3664 fossae
396 3599 569 3664 transitum
586 3598 752 3683 ponticulo
777 3597 885 3682 ligneo
903 3597 1131 3679 coniunxisset,
