2586 3950
145 191 213 247 ΜΒ.
232 192 266 246 11.
300 191 376 246 cnr.
396 197 438 247 ee.
466 197 482 257 s
502 198 566 260 119,
585 192 653 246 me.
672 191 719 246 111.
746 190 1014 249 ARGUMENTUM.
1054 193 1117 256 169

110 349 201 420 magis
219 350 249 404 in
266 348 367 405 Latina
384 350 482 420 lingua
500 351 554 406 hoc
572 350 657 406 licere
676 351 791 420 debere,
813 353 897 419 atque
920 351 1006 406 etiam
1025 352 1117 407 elabo·
1142 397 1144 404 .

110 419 228 474 randum
252 437 325 489 esse,
350 423 383 475 ut
405 420 435 474 in
455 421 525 490 ipsis
548 419 717 476 Graecorum
740 421 847 477 artibus
871 422 1033 477 Latinorum
1055 435 1129 477 vert
1166 424 1187 436 ''
1227 441 1231 450 ·

108 491 208 544 borum
227 491 309 560 copia
332 491 456 546 Graecae
474 492 645 560 respondeat
662 494 734 561 (cap.
755 495 851 562 1-2).
893 493 1000 546 Deinde
1019 491 1116 547 Cicero
1193 505 1195 512 ·

111 561 225 630 exponit
252 577 408 623 sermonem
436 560 490 615 sibi
517 561 668 630 aliquando
700 563 734 617 de
763 562 920 618 Stoicorum
948 563 982 616 de
1010 579 1117 617 summo

109 632 182 686 bono
206 631 347 686 sententia
377 630 509 686 incidisse
536 649 599 686 eum
622 633 658 687 Μ.
684 632 789 688 Catone
810 632 841 688 in
867 632 937 687 uilla
959 633 1118 688 Tusculana

110 701 218 755 Luculli
230 705 302 771 (cap,
317 705 353 770 3).
377 702 451 756 Nam
464 719 528 757 eum
542 701 612 760 Cato
625 703 716 756 minus
731 702 784 757 sibi
797 703 911 772 probari
924 702 1116 773 significasset,

111 771 185 840 quod
203 772 301 826 Cicero
319 789 376 828 non
394 772 431 828 ad
449 772 572 840 Stoicos,
596 773 645 828 sed
666 773 703 827 ad
721 773 903 829 Academicos
927 777 956 828 et
973 774 1117 844 Peripate-

109 841 179 896 ticos
203 859 232 896 se
255 842 461 910 inclinavisset,
485 842 582 897 Cicero
605 846 699 898 autem
716 842 789 898 inter
812 845 864 899 hos
883 846 912 898 et
929 844 1039 899 Stoicos
1055 859 1116 898 ver-

109 913 220 980 borum,
243 928 300 967 non
318 929 412 967 rernm
434 915 576 968 certamen
594 929 654 967 esse
674 913 804 980 dixisset,
827 918 856 969 et
874 914 994 982 Stoicos,
1015 915 1038 968 si
1055 931 1116 968 ver-

109 983 208 1036 borum
231 983 380 1065 splendore
403 983 533 1053 persequi
554 984 674 1051 vellent,
698 984 727 1038 in
749 984 899 1052 Pyrrhonis
922 987 951 1038 et
978 985 1116 1040 Aristonis

108 1053 179 1108 vitia
201 1053 338 1119 incidere,
363 1056 397 1109 ut
413 1071 507 1108 rernm
525 1053 706 1109 selectionem
725 1058 754 1109 et
776 1054 867 1124 ipsam
884 1054 1018 1110 virtutem
1035 1056 1117 1110 tolle·

109 1126 184 1191 rent,
208 1123 356 1192 Catonem,
378 1126 412 1178 ut
435 1123 597 1179 Ciceronem
618 1141 675 1178 non
697 1126 774 1178 recte
796 1125 920 1180 iudicare
948 1126 1116 1193 ostenderet,

110 1196 200 1248 totam
223 1194 341 1249 Zenonis
365 1194 578 1276 Stoicorumque
592 1195 770 1277 ¹sententiam
795 1196 935 1278 explicere
954 1195 1117 1277 adgressum

111 1265 1117 1418 11111111111111111111111111111

106 1407 237 1472 buaeque
261 1421 320 1460 e1us
344 1407 433 1460 status
457 1408 651 1462 conservantia
674 1407 749 1473 sunt,
773 1406 879 1476 diligit,
907 1423 937 1460 m
959 1407 1003 1461 his
1026 1409 1117 1474 rebus,

111 1492 179 1544 quas
202 1477 304 1529 natura
326 1476 432 1546 primas
454 1477 576 1546 appetit,
600 1477 732 1546 voluptas
753 1478 883 1545 nonest,
908 1479 952 1531 est
968 1477 1117 1547 integritas

111 1546 234 1614 corporis
252 1545 366 1614 eiusque
385 1546 520 1615 partium,
538 1563 631 1601 rerum
650 1546 823 1616 cognitiones
842 1549 970 1615 artesque
990 1551 1060 1617 (cap.
1081 1551 1116 1616 t).

110 1615 179 1669 Cum
205 1615 293 1686 igitur
320 1617 392 1671 eliae
415 1633 459 1671 res
484 1616 674 1671 aestimabiles
699 1616 769 1684 sint,
797 1617 872 1685 quod
895 1621 945 1672 aut
966 1619 1118 1672 secundum

110 1688 239 1740 naturam
253 1689 318 1740 sunt
331 1688 381 1741 aut
398 1687 456 1741 tale
476 1687 543 1755 quid
557 1687 693 1756 efficiunt,
712 1687 785 1741 aliae
798 1686 1027 1754 inaestimabiles,
1046 1704 1117 1756 qnae

110 1755 167 1810 illis
194 1756 351 1811 contrariae
379 1759 455 1824 suut,
482 1757 549 1812 illae
572 1759 667 1812 autem
690 1757 853 1824 sumendae,
880 1758 934 1814 hao
959 1757 1117 1812 reiciendas

114 1827 180 1892 sint,
203 1826 324 1895 primum
347 1829 390 1882 est
412 1826 536 1883 officium
560 1845 588 1882 se
611 1843 787 1896 conservare,
810 1827 910 1882 deinde
933 1826 1051 1898 seligere
1074 1845 1116 1896 ea,

96 1913 184 1964 ¹quae
202 1898 354 1951 secundum
371 1900 502 1953 naturam
521 1896 589 1964 sint,
608 1901 637 1952 et
650 1898 754 1954 reicere
769 1898 921 1964 eontraria3
941 1915 1004 1952 cuin
1022 1901 1118 1952 antem

111 1968 165 2022 hoo
188 1969 350 2022 constanter
373 1971 402 2021 et
424 1970 540 2023 naturae
564 1968 762 2023 convenienter
782 1969 827 2037 fit,
850 1969 910 2022 tum
938 1968 1050 2022 demum
1076 1969 1116 2022 in·

110 2037 210 2118 tellegi
231 2037 344 2107 incipit,
370 2038 438 2106 qnid
460 2037 497 2094 sit
519 2038 636 2107 bonum,
660 2040 689 2093 et
711 2040 766 2094 hoc
790 2038 883 2108 ipsum
901 2039 1007 2095 adesse.
1044 2039 1118 2094 Nam

110 2107 164 2162 hac
182 2125 244 2177 1psa
263 2108 458 2164 convenientia
475 2110 625 2164 honestum
644 2107 814 2176 continetur,
839 2110 914 2178 quod
932 2109 962 2162 et
979 2127 1117 2164 summum

111 2181 140 2232 et
162 2197 248 2232 unum
270 2178 376 2234 bonum
398 2181 490 2233 estet
511 2180 604 2234 solum
620 2183 736 2250 propter
754 2196 783 2233 se
802 2181 1000 2250 expetendum
1026 2181 1118 2250 prima

112 2251 207 2302 eutem
224 2251 342 2304 natimae
356 2265 413 2304 non
425 2250 543 2319 propter
556 2267 586 2303 se
600 2251 757 2320 expetenda
775 2252 852 2318 sunt,
872 2253 1010 2305 ettamen
1024 2252 1118 2306 omnia

113 2317 205 2372 officia
223 2319 258 2373 ab
277 2320 312 2372 iis
329 2320 544 2389 proficiscuntur
562 2323 634 2390 (cap.
654 2323 689 2389 6).
730 2320 876 2390 Appetitio
901 2320 989 2375 animi
1004 2338 1062 2376 non
1080 2321 1118 2374 ad

112 2389 228 2456 quodvis
250 2390 327 2444 vitae
351 2407 452 2460 genus,
476 2391 526 2445 sed
550 2391 587 2446 ad
611 2391 752 2459 quandam
776 2391 894 2446 formam
917 2390 1032 2445 vivendi
1049 2392 1118 2445 data

111 2461 167 2527 est,
186 2459 310 2528 itemque
328 2460 416 2528 ratio,
433 2462 466 2515 ut
484 2461 522 2516 ad
538 2461 694 2531 perfectam
711 2460 863 2528 rationem,
889 2477 960 2528 quae
979 2461 1118 2530 sapientia

111 2531 140 2583 et
152 2529 243 2584 virtus
257 2533 309 2597 est,
327 2529 515 2599 perveniatur.
549 2531 710 2600 Sapientiae
727 2530 857 2584 ultimum
876 2534 919 2585 est
936 2547 994 2585 non
1011 2531 1118 2600 aliquid
1179 2534 1180 2546 ¹

111 2603 234 2655 extrase
249 2601 373 2669 efficere,
393 2602 442 2655 sed
460 2603 523 2671 ipsa
541 2601 625 2669 aetio,
644 2604 685 2669 et,
706 2602 780 2669 quod
797 2602 873 2656 recte
892 2602 999 2655 factum
1018 2604 1069 2670 est,
1087 2601 1118 2654 id

112 2686 206 2725 omnes
229 2669 343 2724 virtutis
365 2689 494 2727 numeros
517 2671 547 2726 in
570 2689 599 2726 se
623 2672 755 2727 eontinet.
792 2671 889 2726 Virtus
915 2674 1009 2726 autem
1026 2671 1119 2726 teneri

110 2757 166 2796 non
185 2742 292 2810 potest,
310 2740 365 2796 nisi
383 2744 524 2797 statuatur
536 2741 607 2798 nihil
625 2758 699 2809 esse,
719 2742 794 2810 quod
811 2741 923 2796 intersit
937 2744 987 2797 aut
1004 2742 1119 2797 differat

111 2811 189 2866 aliud
205 2811 242 2865 ab
261 2811 318 2866 alio
337 2815 403 2880 (quo
425 2812 528 2868 bonum
547 2815 597 2867 ent
613 2813 719 2867 malum
738 2813 798 2882 sit),
821 2815 934 2881 praeter
951 2813 1070 2868 honesta
1089 2815 1119 2867 et·

109 2880 211 2950 turpia.
254 2883 352 2950 ltaque
377 2881 518 2952 sapientes
541 2899 637 2938 omues
665 2899 775 2952 semper
800 2883 879 2938 beati
902 2886 966 2938 sunt
990 2887 1061 2954 (cap.
1082 2887 1116 2951 7).

110 2951 191 3017 Quod
213 2955 309 3007 autem
332 2954 425 3008 totam
447 2952 624 3022 disciplinam
643 2953 780 3021 continet,
804 2954 879 3022 quod
901 2955 1050 3010 honestum
1072 2954 1117 3021 sit,

108 3021 137 3076 id
162 3037 229 3076 esse·
246 3023 338 3076 solum
359 3023 477 3083 bonnm.
500 3023 530 3077 id
553 3023 685 3078 brevibus
704 3023 871 3092 quibusdam
889 3027 919 3078 et
936 3025 1026 3079 acutis
1045 3024 1117 3078 Stoi-

109 3109 206 3147 corum
232 3092 389 3148 rationibus
416 3093 604 3162 concluditur,
637 3110 708 3162 qnae
736 3110 771 3148 ex
798 3111 831 3149 eo
864 3095 1014 3162 ducuntur,
1042 3095 1117 3163 quod

107 3164 212 3218 bonum
230 3163 374 3218 laudabile
394 3166 438 3218 est
455 3167 485 3218 et
501 3163 587 3218 beata
604 3164 665 3218 vita
682 3164 852 3234 gloriatione
872 3165 969 3234 digna,
995 3167 1024 3218 et
1042 3164 1118 3232 quod

107 3233 190 3287 fortis
208 3233 252 3288 vir
270 3233 354 3288 aliter
372 3251 432 3289 esse
450 3251 507 3290 non
524 3236 620 3304 potest
637 3239 709 3304 (cap.
724 3238 759 3304 8).
787 3235 847 3289 Nee
864 3237 961 3290 temen
978 3235 1118 3305 probandi

108 3306 174 3358 sunt
194 3303 239 3357 illi
260 3303 435 3374 philosophi,
459 3305 508 3373 qui
530 3305 570 3360 sie
588 3323 727 3359 summum
751 3305 856 3359 bonum
874 3305 904 3358 in
922 3305 1016 3360 animo
1034 3321 1117 3374 posu-

108 3376 203 3439 erunt,
231 3376 264 3428 ut
290 3375 398 3429 nullam
420 3391 513 3429 rerum
536 3374 723 3430 differentiam
745 3392 806 3431 esse
834 3374 972 3442 dicerent3
999 3392 1066 3429 nam
1087 3375 1117 3428 in

108 3445 261 3500 selectione
290 3461 385 3499 earnm
413 3462 519 3512 rerum,
550 3462 620 3513 quae
649 3448 713 3500 sunt
740 3446 892 3500 secundum
918 3448 1060 3514 naturam,
1089 3448 1118 3500 et

108 3514 312 3570 contrariarum
331 3515 482 3572 reiectione
501 3515 649 3585 prudentia
668 3518 697 3570 et
714 3515 805 3571 virtus
823 3515 917 3585 posita
935 3519 986 3572 est.
1018 3518 1116 3586 ltaque
