2568 3948
159 212 224 275 232
320 213 368 266 DII
387 211 532 268 FINIBUS
550 212 730 269 BONORUM
747 213 795 267 ΕΤ
814 211 996 268 MALORUM

161 374 271 438 eadem
308 374 499 458 defendunt,
540 397 621 459 quae
657 375 884 458 Peripatetici,
920 375 1036 438 verba¹
1054 377 1172 438 tenent
1275 411 1276 460 3

160 462 330 528 mordicus.
384 462 473 538 Quae
509 484 620 527 rursus
653 463 728 528 dum
761 463 823 527 sibi
856 462 950 528 evelli
983 484 1021 526 ex
1056 461 1169 527 ordine

160 551 287 634 nolunt,
314 550 510 615 horridiores
546 551 699 634 evadunt,
731 551 925 634 asperiores,
957 549 1101 616 duriores
1135 553 1169 614 et

108 639 307 705 moratione
331 643 364 702 et
386 639 539 702 moribus.
590 639 694 714 Quam
721 639 851 703 illorum
878 639 1045 702 tristitiam
1071 640 1168 720 atque

161 728 370 810 asperitatem
400 727 526 810 fugiens
563 726 736 790 Panaetius
760 748 818 790 nec
856 727 1065 791 acerbitatem
1098 746 1200 789 sen-s

160 816 336 879 tentiarum
364 835 424 878 nec
451 814 629 879 disserendi
657 814 766 897 spinas
793 815 945 898 probavit
975 813 1101 897 fuitque
1134 812 1170 876 in

161 903 263 968 altero
293 923 409 987 genere
435 902 559 985 mitior,
593 902 627 966 in
654 901 758 968 altero
793 903 953 967 illustrior
979 922 1169 984 semperque

160 990 277 1054 habuit
305 991 337 1054 in
377 1011 432 1054 ore
465 989 649 1072 Platonem,
685 989 909 1068 Aristotelem,
946 989 1170 1071 Xenocratem,

161 1077 434 1161 Theophrastum,
471 1077 718 1157 Dicaearchum,
755 1082 792 1164 ut
827 1079 929 1162 ipsius
967 1077 1089 1159 scripte
1118 1076 1170 1139 de·

161 1167 294 1230 clarant.
351 1165 438 1242 Quos
477 1165 605 1250 quidem
644 1167 705 1230 tibi
743 1167 885 1231 studIose
927 1168 960 1228 et
995 1163 1170 1248 diligenter
1186 1191 1214 1228 ro

107 1262 142 1310 80
160 1253 347 1318 tractandos
379 1273 574 1338 magnopere
607 1275 731 1318 censeo.
781 1252 842 1319 Sed
871 1254 1022 1337 quoniam
1051 1255 1084 1315 et
1114 1251 1170 1315 ad-

161 1341 359 1424 vesperascit
386 1343 418 1404 et
446 1341 526 1406 mihi
550 1341 590 1405 ad
612 1341 723 1406 villam
746 1341 970 1407 revertendum
994 1343 1056 1423 est,
1084 1361 1170 1404 nunc

162 1429 290 1514 quidem
317 1427 487 1512 hactenus,
520 1451 631 1493 verum
664 1429 725 1494 hoo
756 1430 842 1494 idem
873 1429 1031 1494 faciamus
1064 1449 1170 1510 saepe.

160 1515 230 1582 Nos
262 1539 352 1600 vero,
389 1518 494 1602 inquit
530 1518 599 1602 ille,
636 1539 712 1582 nam
750 1517 827 1602 quid
859 1538 1030 1602 possumus
1062 1514 1170 1579 facere

161 1604 300 1670 melius?
323 1609 356 1670 ct
378 1605 461 1670 hanc
483 1605 609 1690 quidem
633 1606 771 1688 primam
790 1605 917 1690 exigam
936 1608 1007 1668 ate
1026 1625 1213 1685 operam,1s

161 1697 198 1758 ut
222 1694 332 1758 audias
356 1716 421 1776 me,
444 1715 526 1779 quae
550 1717 570 1758 a
587 1698 620 1757 te
639 1693 725 1758 dicta
746 1698 835 1778 sunt,
857 1693 1069 1757 refellentem.
1106 1689 1171 1755 Sed

162 1787 324 1848 memento
348 1786 394 1864 te,
418 1803 499 1865 quae
516 1803 576 1846 nos
596 1783 786 1866 sentiamus,
810 1781 918 1847 omnia
935 1780 1082 1863 probare,
1104 1779 1171 1844 nisi

163 1870 248 1954 quod
280 1870 388 1934 verbis
422 1870 516 1933 aliter
552 1873 693 1952 utamur,
728 1870 810 1935 mihi
846 1873 953 1933 autem
990 1870 1171 1932 vestrorum

161 1957 244 2022 nihil
262 1957 403 2041 probari.
441 1955 645 2041 Scrupulum,
669 1957 814 2042 inquam,
838 1956 982 2040 abeunti3
1007 1955 1062 2020 sed
1084 1954 1170 2020 vide·

161 2046 298 2110 bimus,
324 2043 412 2119 Quae
436 2066 508 2109 cum
533 2048 641 2108 essent
663 2044 763 2128 dicta,
787 2045 1000 2110 discessimus.
1152 2069 1153 2072 ¹
1185 2070 1212 2109 so

409 2399 457 2471 Μ.
487 2398 648 2471 TULLII
675 2397 923 2472 CICERONIS

162 2548 234 2631 Du
270 2543 481 2632 PINIBUS
519 2545 774 2631 BONORUM
810 2545 876 2627 m
911 2542 1171 2629 MALORUM

556 2693 605 2746 AD
623 2693 777 2747 BRUTUM

495 2823 616 2882 LIBER
643 2821 827 2918 QUINTUS.

613 2979 719 2986 ——-—

502 3086 835 3146 ARGUMENTUM.

235 3207 267 3260 In
285 3204 426 3274 prooemio
445 3203 511 3257 libri
530 3201 624 3257 Cicero
643 3204 750 3268 narrat,
775 3218 838 3255 cum
861 3201 920 3270 ipse
940 3204 969 3256 et
988 3201 1019 3267 Q.
1037 3201 1126 3256 frater
1145 3205 1174 3256 et

164 3277 200 3332 M.
220 3275 326 3346 Pupius
345 3275 410 3330 Piso
430 3277 459 3328 et
477 3274 508 3329 Τ.
527 3273 698 3342 Pomponius
721 3271 831 3325 Atticus
857 3273 885 3325 et
903 3271 932 3328 L.
953 3271 1062 3338 Cicero,
1085 3272 1174 3326 frater

164 3347 252 3417 ipsius
274 3345 424 3417 patruelis,
452 3343 569 3398 Athenis
597 3342 766 3396 Antiochum
792 3341 964 3396 audivissent
992 3344 1021 3395 et
1048 3343 1173 3396 ambula-

164 3421 270 3473 tionem
283 3414 534 3487 postmeridianam
547 3413 577 3466 in
590 3412 743 3467 Academia
757 3412 934 3480 conficerent,
948 3428 1074 3467 sermons
1089 3412 1173 3467 ducto

163 3488 286 3558 primum
314 3504 332 3541 a
359 3483 602 3540 commemoranda
628 3483 658 3536 vi
680 3483 807 3537 locorum
829 3483 866 3538 ad
889 3483 1027 3537 clarorum
1050 3481 1174 3537 virorum

163 3557 329 3612 memoriam
347 3556 376 3610 in
395 3555 493 3609 anienis
514 3552 718 3624 renovandam,
737 3553 907 3610 mentionem
923 3551 1055 3607 incidisse
1069 3553 1175 3608 veteris
