2564 3950
163 182 229 246 344
361 180 656 236 TUSCULANARUM
675 179 976 236 DISPUTATIONUM

163 343 344 409 contraxit?
380 343 520 408 Tantum
542 342 743 426 exercitatio,
766 340 949 424 meditatio,
971 341 1173 408 consuetudo
1259 395 1265 400 .

163 433 259 498 valet.
303 431 392 516 Ergo
415 431 477 496 hoc
498 431 619 514 poterit

229 553 394 636 Samnis,
435 573 595 636 spurcus
636 553 774 637 homo,
803 553 885 618 vita
923 552 995 616 illa
1031 552 1173 638 dignus

907 641 1082 724 locoque,

163 785 212 848 vir
229 787 325 850 natus
345 783 385 846 ad
408 782 546 867 gloriam
565 782 665 845 ullam
682 787 808 866 partem
827 781 927 845 animi
951 785 1019 846 tam
1037 781 1174 846 mollem

149 872 310 955 babebit,
333 892 430 956 quam
448 891 516 935 non
532 869 742 935 meditatione
756 873 790 934 et
812 869 938 934 ratione
957 869 1204 934 conroboratis

163 957 299 1025 Crudele
327 959 542 1044 gladiatorum
570 957 787 1042 spectaculum
810 961 844 1022 et
871 957 1084 1022 inhumanum
1105 978 1175 1021 non

162 1047 260 1112 nullis
289 1047 391 1112 uideri
417 1047 514 1129 solet,
541 1051 574 1111 et
600 1045 687 1111 haud
714 1046 780 1110 scio
804 1067 846 1110 an
873 1045 921 1110 ita
944 1046 1000 1128 sit,
1027 1049 1065 1110 ut
1086 1067 1175 1110 nunc

162 1136 209 1200 fit.
246 1134 328 1201 (lum
349 1157 425 1200 uero
449 1138 558 1199 sontes
580 1133 666 1199 ferro
686 1133 929 1219 depugnabant,
951 1134 1084 1198 auribus
1106 1132 1175 1198 for·

163 1227 250 1288 tasse
273 1223 408 1306 multae,
430 1223 532 1287 oculis
555 1222 683 1306 quidem
701 1222 792 1287 nulla
813 1226 943 1306 poteret
961 1244 1031 1287 esse
1052 1221 1175 1286 fortior

164 1315 278 1376 contra
300 1311 444 1376 dolorem
468 1313 501 1374 11
522 1315 660 1376 mortem
683 1310 862 1394 disciplina.
1189 1335 1215 1374 ro

114 1370 154 1494 1}
230 1399 279 1464 De
299 1399 525 1463 exercitatione
544 1403 578 1462 11
596 1399 824 1463 consuetudine
846 1402 878 1462 et
892 1398 1174 1470 ¹commentatione

165 1487 243 1570 dixi3
272 1508 344 1571 age,
372 1488 430 1570 sis,
458 1508 542 1551 nunc
570 1487 608 1551 de
636 1487 761 1552 ratione
788 1487 968 1571 videamus,
998 1486 1062 1551 nisi
1095 1485 1175 1569 quid

163 1575 213 1639 vis
237 1575 277 1640 ad
299 1574 387 1640 haec.

230 1664 271 1728 A.
289 1662 405 1748 Egone
417 1667 454 1727 ut
471 1666 503 1727 te
517 1662 741 1747 interpellem?
759 1683 800 1728 ne
822 1663 885 1728 hoc
898 1662 1026 1748 quidem
1038 1662 1173 1746 vellem,

163 1752 212 1815 ita
234 1773 284 1816 me
308 1751 348 1816 ad
370 1751 562 1816 credendum
583 1755 641 1816 tua
664 1751 751 1816 ducit
773 1752 886 1817 oratio.
1189 1776 1214 1816 ιι
1274 1747 1275 1811 1

229 1846 275 1904 M.
295 1837 386 1904 Sitne
399 1839 502 1924 igitur
516 1840 637 1904 malum
652 1839 760 1913 dolere
778 1860 889 1922 necne,
907 1837 1007 1903 Stoici
1023 1838 1174 1918 viderint,

107 1957 112 1972 ·
164 1928 220 2012 qui
248 1927 438 1993 contortulis
467 1927 657 2011 quibusdam
684 1931 717 1992 et
745 1927 879 1992 minutis
903 1926 1174 1992 conclusiunculis
1275 1991 1276 1996 ,

164 2037 224 2080 nec
251 2016 291 2080 ad
319 2037 431 2080 sensus
463 2016 728 2100 permanantibus
756 2014 839 2079 effici
866 2015 979 2080 volunt
1004 2036 1072 2079 non
1102 2036 1173 2080 esse

164 2104 286 2168 malum
304 2103 457 2169 dolorem
493 2102 565 2188 Ego
584 2103 664 2167 illud
668 2102 847 2188 ,quicquid
865 2103 923 2185 111,
945 2105 1085 2203 tantum
1093 2124 1173 2187 esse,

163 2195 320 2274 quantum
343 2190 505 2274 videatur,
527 2212 594 2256 non
614 2195 708 2280 puto,
730 2190 925 2275 falsaque
898 2211 965 2254 erus
988 2189 1116 2256 visione
1139 2194 1213 2256 etro

165 2279 270 2363 specie
293 2279 415 2344 moveri
438 2278 585 2343 homines
609 2272 686 2343 1111
703 2278 938 2362 vehementius,
965 2277 1172 2362 doloremque
1270 2280 1273 2284 ’

163 2387 292 2432 omnem
329 2388 398 2432 esse
428 2366 639 2432 tolerabilem.
699 2365 793 2432 Unde
825 2367 926 2451 igitur
962 2365 1173 2434 ordiarlan

164 2455 274 2520 eadem
297 2455 403 2519 brevit
404 2476 438 2520 er
462 2455 638 2540 attingam,
667 2476 749 2539 quae
772 2455 868 2520 modo
895 2453 976 2537 dixi,
1003 2476 1067 2538 quo
1094 2454 1173 2520 faoi·

111 2555 145 2604 43
164 2543 227 2607 lius
265 2543 369 2608 oratio
405 2542 558 2628 progredi
593 2544 698 2626 possit
732 2541 884 2627 longius?
940 2541 1031 2608 Inter
1064 2543 1172 2608 omnis

163 2632 263 2716 igitur
293 2631 355 2696 hoc
386 2633 528 2713 constat,
559 2652 617 2695 nec
649 2630 760 2695 doctos
791 2629 939 2695 homines
970 2630 1088 2713 solum,
1115 2631 1211 2697 11111

164 2719 263 2784 etiam
286 2719 396 2784 indoct
381 2722 446 2801 t,os
473 2719 617 2783 virorum
639 2740 710 2783 csse
731 2718 808 2783 fort
784 2722 865 2783 trum
888 2721 922 2782 et
948 2719 1173 2804 magnanimo

163 2829 235 2871 rum
263 2811 296 2871 11
322 2769 515 2891 patientium
543 2809 576 2870 et
561 2805 744 2871 thumana
770 2806 967 2872 vincentium
997 2808 1174 2872 toleranter

164 2895 307 2960 dolorem
333 2895 417 2979 pati;
444 2916 504 2959 nec
531 2916 606 2959 vero
636 2895 806 2979 quisquam
827 2893 903 2978 fuit,
929 2894 1079 2978 quicum
1084 2896 1174 2978 q,ui

163 2983 212 3047 ita
232 2985 410 3067 pateretur,
432 3005 498 3048 non
519 2982 715 3047 laudandum
736 2985 874 3067 putaret.
919 2979 1012 3056 Quod
1037 3002 1116 3068 ergo
1139 2989 1174 3049 et

163 3072 347 3154 postulatur
368 3093 389 3135 a
411 3069 550 3136 fortibus
573 3074 606 3134 et
627 3071 790 3154 laudatur,
813 3091 886 3135 cum
909 3070 961 3153 fit,
983 3069 1016 3134 id
1040 3075 1096 3136 aut
1119 3093 1212 3137 ex-co

163 3159 331 3224 timescere
353 3159 485 3223 veniens
505 3161 645 3223 autnon
666 3159 751 3224 ferre
773 3179 924 3242 praesens
946 3179 1054 3234 nonne
1076 3162 1174 3243 turpe

165 3246 235 3312 est?
279 3247 404 3331 Atquin
430 3246 517 3330 vide,
544 3268 598 3328 nc,
623 3269 695 3311 cum
723 3268 835 3312 omnes
862 3249 969 3311 rectae
995 3247 1094 3312 animi
1118 3248 1172 3312 ad·

163 3335 318 3400 fectiones
345 3334 481 3399 virtutes
510 3335 725 3418 appellentur,
753 3356 818 3400 non
846 3335 890 3400 sit
916 3334 979 3400 hoc
1003 3335 1173 3419 proprium

163 3445 282 3487 nomen
304 3423 461 3507 omnium,
485 3423 542 3486 sed
565 3423 606 3487 ab
630 3444 682 3506 ea,
708 3444 790 3508 quae
813 3445 878 3488 una
900 3422 1014 3488 ceteris
1037 3424 1172 3488 excelle-

163 3511 232 3593 bat,
261 3530 372 3575 omnes
399 3509 585 3575 nominatae
612 3511 688 3576 sint.
737 3510 914 3595 Appellate
941 3515 991 3576 est
1019 3511 1103 3576 enim
1134 3534 1211 3579 eres
