2502 3960
272 227 342 282 als.
361 227 397 284 11.
425 225 501 285 car.
520 234 564 298 aa,
582 233 625 284 aa.
654 233 669 294 s
690 235 845 286 roa-ror.
1025 231 1067 294 67

77 412 124 474 qua
155 393 286 474 partem
318 389 510 472 respondere
546 390 709 474 possimus
742 395 911 475 sequentes
942 395 1070 458 tantum

76 478 164 560 uodo,
186 478 274 562 quod
301 477 351 542 ita
374 477 478 542 visum
503 478 559 559 rit,
589 478 665 542 dum
693 477 761 543 sine
785 479 935 563 adsensu3
967 501 1070 565 neque

74 571 167 632 umen
189 566 303 630 omnia
326 565 394 630 eius
417 565 505 632 modi
527 565 598 631 visa
620 566 807 650 adprobari,
836 567 892 632 sed
915 588 966 652 ee,
989 589 1070 652 quae

73 655 152 718 nulle
185 675 221 718 re
261 653 504 736 impedirentur.
557 653 646 720 Haec
683 655 712 720 si
748 655 839 720 vobis
875 676 941 721 non
976 677 1049 738 pro·
1073 668 1123 718 106

50 743 184 826 abemus,
206 742 277 806 sint
298 741 385 806 falsa
407 763 492 828 sane,
515 743 676 808 invidiosa
690 747 776 809 certe
794 765 860 810 non
879 746 963 808 sunt
997 741 1072 808 Non

74 831 148 894 enim
169 831 277 894 lucem
299 830 465 915 eripimus,
494 830 550 896 sed
572 852 619 914 ea,
642 852 724 915 quae
747 853 804 897 vos
829 831 964 915 ‘percipi
988 853 1071 897 com·

71 917 302 1002 prehendique',
325 917 437 982 eadem
459 940 529 1003 nos,
551 919 580 983 si
602 919 697 984 modo
720 919 904 1002 probabilia
922 920 997 1005 sint,
1016 917 1072 984 ‘vi-

74 1005 143 1070 deri'
165 1005 316 1070 dicimus.
471 1054 475 1064 .
853 1020 857 1028 '

128 1093 181 1160 Sic
211 1095 315 1180 igitur
346 1095 478 1161 inducto
507 1099 540 1159 et
566 1095 742 1160 constituto
766 1096 944 1181 probabili,
978 1097 1124 1182 ct0eo33

37 1182 190 1266 mquidem
232 1182 398 1268 expedito,
438 1182 561 1268 soluto,
601 1183 721 1267 libero,
759 1184 849 1250 nulla
889 1207 924 1250 re
964 1185 1071 1268 impli·

70 1280 151 1355 cato,
178 1269 270 1336 rides
293 1271 452 1355 profecto,
481 1271 628 1354 Luculle,
660 1271 763 1338 iacere
786 1272 852 1338 iam
874 1272 957 1339 illud
979 1277 1072 1338 tuum

69 1359 303 1444 perspicuitatis
327 1359 553 1444 patrocinium.
597 1360 717 1426 Iisdem
741 1360 826 1426 anim
855 1360 909 1427 hic
933 1362 1071 1446 sapiens,

69 1449 102 1512 de
123 1445 187 1532 quo
211 1449 335 1532 loquor,
359 1447 470 1532 oculis,
493 1449 608 1533 quibus
631 1449 694 1513 istc
712 1452 828 1530 vester,
852 1450 985 1532 caelum,
1007 1453 1071 1514 ter-

68 1558 145 1620 ram,
176 1557 266 1606 mare
289 1536 482 1623 intuebitur,
511 1536 626 1602 iisdem
649 1537 795 1602 sensibus
818 1537 957 1621 reliqua,
989 1558 1071 1621 quaa

35 1625 122 1689 asub
141 1645 298 1709 quemque
313 1646 444 1689 sensum
458 1625 584 1708 cadunt,
607 1625 734 1690 sentiet.
765 1624 854 1689 Mare
877 1624 967 1707 illud,
986 1624 1072 1710 quod

67 1734 148 1776 nune
169 1712 302 1778 favonio
324 1717 477 1778 nascente
500 1734 697 1798 purpureum
720 1713 860 1796 videtur,
888 1713 973 1778 idem
996 1713 1072 1778 huic

67 1805 175 1866 nostro
189 1796 362 1884 ridebitur,
383 1822 443 1866 nec
460 1805 570 1866 tamen
590 1799 798 1885 adsentietur,
821 1801 896 1884 quia
908 1800 1072 1866 nobismet

67 1889 143 1972 ipsis
171 1888 268 1954 modo
291 1889 474 1954 caeruleum
496 1888 678 1966 ridebatur,
710 1910 804 1954 mane
826 1909 949 1972 ravum,
971 1887 1070 1972 quod-

68 1999 125 2060 que
147 1998 241 2060 nuno,
265 1999 329 2061 qua
347 1978 449 2042 asole
472 1977 628 2060 conlucet,
651 1977 788 2042 albescit
802 1980 834 2041 et
848 1977 955 2042 vibrat
979 1977 1070 2042 dissi-

35 2066 202 2148 amileque
224 2065 444 2148 estproximo
467 2070 501 2131 et
523 2065 709 2147 continenti,
735 2069 781 2143 ut,
809 2065 937 2132 etiamsi
964 2065 1070 2150 possis

67 2154 223 2218 rationem
244 2152 388 2237 reddere,
411 2175 467 2218 cur
489 2153 523 2218 id
541 2155 675 2231 eveniat,
698 2157 808 2218 tamen
825 2175 891 2218 non
912 2153 1019 2237 possis
1037 2152 1071 2217 id

67 2263 175 2306 verum
196 2263 277 2324 esse,
300 2242 386 2326 quod
408 2242 579 2307 videbatur
600 2240 712 2325 oculis,
735 2241 912 2306 defendere.
953 2241 1048 2307 Unde
1072 2253 1122 2302 los

66 2329 234 2412 memoria,
266 2329 295 2393 si
314 2329 409 2394 -nihil
440 2330 658 2413 percipimus?
672 2339 676 2350 '
691 2330 736 2394 sic
767 2330 853 2395 enim
885 2330 1071 2414 quaerebas.

67 2417 169 2492 Quid?
192 2417 376 2482 meminisse
399 2418 470 2482 visa
491 2418 556 2484 uisi
577 2439 767 2501 comprensa
788 2439 854 2482 non
876 2417 1071 2501 possumus?

34 2504 169 2581 noma?
192 2505 389 2589 Polyaenus,
416 2507 471 2590 qui
484 2527 621 2590 magnus
635 2505 882 2572 mathematicus
905 2503 1004 2570 fuisse
1024 2504 1071 2570 di·

66 2594 162 2676 citur,
192 2594 222 2658 is
249 2596 459 2678 posteaquam
482 2594 623 2678 Epicuro
647 2594 830 2670 adsentiens
859 2595 965 2657 totam
998 2612 1072 2677 geo·

65 2683 214 2747 metriam
246 2682 365 2746 falsam
389 2703 457 2747 esse
482 2681 630 2766 credidit,
661 2703 738 2746 num
766 2681 825 2746 illa
847 2681 957 2762 etiam,
990 2701 1070 2766 quaa

66 2770 196 2854 sciebat,
220 2770 342 2836 oblitus
366 2769 438 2835 est?
484 2769 593 2854 Atqui,
615 2769 733 2834 falsum
756 2770 841 2853 quod
864 2774 923 2852 cst,
945 2770 978 2834 id
1000 2791 1071 2854 pcr-

66 2859 128 2942 cipi
151 2880 218 2923 non
240 2861 363 2942 potest,
395 2861 432 2922 ut
455 2858 614 2924 vobismet
641 2858 722 2941 ipsis
749 2859 864 2942 placet.
910 2857 945 2922 Si
972 2859 1072 2942 igitur

35 2947 219 3012 amemoria
255 2951 479 3030 perceptarum
510 2967 835 3030 comprensarumque
863 2945 979 3011 'rerum
1013 2949 1071 3028 cst,

67 3036 186 3120 omnia,
220 3057 302 3119 quae
334 3035 469 3119 quiaque
498 3034 658 3118 meminit,
673 3033 788 3102 ‚habet
816 3055 855 3098 ea
882 3055 1072 3116 comprensa

66 3127 160 3208 atque
194 3127 359 3208 percepta3
392 3123 469 3187 falsi
497 3127 606 3188 autem
629 3121 813 3204 comprendi
843 3119 927 3189 nihil
953 3123 1071 3204 potest,

66 3216 96 3274 et
113 3213 224 3278 omnia
246 3211 394 3276 meminit
417 3211 512 3276 Siron
530 3209 663 3294 Epicuri
685 3210 850 3296 dogmata3
873 3231 950 3274 vcra
971 3208 1071 3290 igitur

65 3300 120 3364 illa
143 3305 221 3364 sunt
243 3321 330 3364 nunc
354 3299 470 3364 omnia.
492 3297 564 3364 Hoc
586 3319 644 3381 per
666 3319 717 3362 me
740 3298 828 3381 licet,
853 3296 909 3361 sed
931 3295 991 3375 tibi
1015 3298 1071 3357 aut

35 3389 300 3453 aconcedendum
324 3391 374 3451 est
397 3387 445 3450 ita
467 3408 551 3468 esse,
573 3386 659 3470 quod
681 3385 814 3450 minime
838 3384 901 3467 vis,
930 3385 986 3448 aut
1008 3402 1071 3446 me·

65 3476 202 3542 moriam
219 3475 303 3542 mihi
322 3475 470 3539 remittas
485 3477 613 3558 oportet
631 3477 664 3537 et
682 3473 803 3536 fateare
818 3492 887 3536 esse
907 3471 937 3535 ei
954 3470 1070 3552 locum,

66 3565 190 3630 etiamsi
213 3562 459 3648 comprehensio
491 3562 716 3645 perceptioque
745 3559 835 3623 nulla
865 3559 915 3622 sit.
966 3557 1049 3634 Quid
1074 3584 1122 3633 107

822 3658 858 3710 5ss
