<?xml version="1.0" encoding="UTF-8"?>
<!DOCTYPE html PUBLIC "-//W3C//DTD XHTML 1.0 Transitional//EN"
    "http://www.w3.org/TR/xhtml1/DTD/xhtml1-transitional.dtd">
<html xmlns="http://www.w3.org/1999/xhtml" xml:lang="en" lang="en">
 <head>
  <title>
</title>
<meta http-equiv="Content-Type" content="text/html;charset=utf-8" />
  <meta name='ocr-system' content='tesseract 3.04.00' />
  <meta name='ocr-capabilities' content='ocr_page ocr_carea ocr_par ocr_line ocrx_word'/>
</head>
<body>
  <div class='ocr_page' id='page_1' title='image "./scriptaquaemans00unkngoog_0439.png"; bbox 0 0 2538 3956; ppageno 0'>
   <div class='ocr_carea' id='block_1_1' title="bbox 147 204 1030 292">
    <p class='ocr_par' dir='ltr' id='par_1_1' title="bbox 147 183 1262 314">
     <span class='ocr_line' id='line_1_1' title="bbox 147 204 1030 292; baseline -0.003 -13"><span class='ocrx_word' id='word_1_1' title='bbox 147 225 220 292; x_wconf 63' lang='lat'><strong>3862-</strong></span> <span class='ocrx_word' id='word_1_2' title='bbox 344 222 642 279; x_wconf 77' lang='lat' dir='ltr'>ruscnmnlaun</span> <span class='ocrx_word' id='word_1_3' title='bbox 659 222 961 278; x_wconf 79' lang='lat' dir='ltr'>orsrurnrrounn</span> <span class='ocrx_word' id='word_1_4' title='bbox 1028 204 1030 208; x_wconf 82' lang='grc'><strong>’</strong></span> 
     </span>
    </p>
   </div>
   <div class='ocr_carea' id='block_1_2' title="bbox 95 385 1262 3267">
    <p class='ocr_par' dir='ltr' id='par_1_2' title="bbox 146 385 1262 647">
     <span class='ocr_line' id='line_1_2' title="bbox 146 385 1262 470; baseline -0.003 -19"><span class='ocrx_word' id='word_1_5' title='bbox 146 387 335 452; x_wconf 89' lang='lat' dir='ltr'>terminabit</span> <span class='ocrx_word' id='word_1_6' title='bbox 358 385 502 470; x_wconf 69' lang='lat' dir='ltr'>modum,</span> <span class='ocrx_word' id='word_1_7' title='bbox 530 385 580 450; x_wconf 90' lang='lat' dir='ltr'>sin</span> <span class='ocrx_word' id='word_1_8' title='bbox 609 385 801 470; x_wconf 70' lang='lat' dir='ltr'>opinabiles,</span> <span class='ocrx_word' id='word_1_9' title='bbox 830 385 939 470; x_wconf 90' lang='lat' dir='ltr'>opinio</span> <span class='ocrx_word' id='word_1_10' title='bbox 968 387 1040 448; x_wconf 88' lang='lat' dir='ltr'>tota</span> <span class='ocrx_word' id='word_1_11' title='bbox 1062 385 1165 449; x_wconf 87' lang='lat' dir='ltr'>tolla·</span> <span class='ocrx_word' id='word_1_12' title='bbox 1261 387 1262 432; x_wconf 81' lang='lat' dir='ltr'>l</span> 
     </span>
     <span class='ocr_line' id='line_1_3' title="bbox 146 473 1262 564; baseline -0.002 -26"><span class='ocrx_word' id='word_1_13' title='bbox 146 479 208 539; x_wconf 88' lang='lat' dir='ltr'>tur.</span> <span class='ocrx_word' id='word_1_14' title='bbox 263 473 349 539; x_wconf 81' lang='lat' dir='ltr'>Satis</span> <span class='ocrx_word' id='word_1_15' title='bbox 382 474 512 538; x_wconf 83' lang='lat' dir='ltr'>dictum-</span> <span class='ocrx_word' id='word_1_16' title='bbox 535 495 605 538; x_wconf 86' lang='lat' dir='ltr'>esso</span> <span class='ocrx_word' id='word_1_17' title='bbox 637 474 778 538; x_wconf 78' lang='lat' dir='ltr'>arbitror</span> <span class='ocrx_word' id='word_1_18' title='bbox 815 473 1050 558; x_wconf 78' lang='lat' dir='ltr'>aegritudinem</span> <span class='ocrx_word' id='word_1_19' title='bbox 1087 493 1164 537; x_wconf 85' lang='lat' dir='ltr'>esse</span> <span class='ocrx_word' id='word_1_20' title='bbox 1261 481 1262 564; x_wconf 22' lang='grc' dir='ltr'>ζ</span> 
     </span>
     <span class='ocr_line' id='line_1_4' title="bbox 148 559 1262 647; baseline -0.004 -19"><span class='ocrx_word' id='word_1_21' title='bbox 148 563 334 647; x_wconf 84' lang='lat' dir='ltr'>opinionem</span> <span class='ocrx_word' id='word_1_22' title='bbox 353 563 430 626; x_wconf 88' lang='lat' dir='ltr'>mali</span> <span class='ocrx_word' id='word_1_23' title='bbox 448 562 640 645; x_wconf 80' lang='lat' dir='ltr'>praesentis,</span> <span class='ocrx_word' id='word_1_24' title='bbox 663 561 779 644; x_wconf 89' lang='lat' dir='ltr'>inqua</span> <span class='ocrx_word' id='word_1_25' title='bbox 799 561 950 644; x_wconf 89' lang='lat' dir='ltr'>opinione</span> <span class='ocrx_word' id='word_1_26' title='bbox 968 559 1049 626; x_wconf 93' lang='lat' dir='ltr'>illud</span> <span class='ocrx_word' id='word_1_27' title='bbox 1068 560 1163 644; x_wconf 89' lang='lat' dir='ltr'>insit,</span> <span class='ocrx_word' id='word_1_28' title='bbox 1261 577 1262 614; x_wconf 69' lang='lat' dir='ltr'>l</span> 
     </span>
    </p>

    <p class='ocr_par' dir='ltr' id='par_1_3' title="bbox 113 647 1262 1705">
     <span class='ocr_line' id='line_1_5' title="bbox 113 647 1262 736; baseline -0.005 -18"><span class='ocrx_word' id='word_1_29' title='bbox 113 674 127 719; x_wconf 81' lang='lat' dir='ltr'>o</span> <span class='ocrx_word' id='word_1_30' title='bbox 147 655 185 716; x_wconf 93' lang='lat' dir='ltr'>ut</span> <span class='ocrx_word' id='word_1_31' title='bbox 207 651 439 736; x_wconf 73' lang='lat' dir='ltr'>aegritudinem</span> <span class='ocrx_word' id='word_1_32' title='bbox 463 649 624 733; x_wconf 84' lang='lat' dir='ltr'>suscipere</span> <span class='ocrx_word' id='word_1_33' title='bbox 648 652 806 733; x_wconf 88' lang='lat' dir='ltr'>oporteat.</span> <span class='ocrx_word' id='word_1_34' title='bbox 847 648 986 713; x_wconf 89' lang='lat' dir='ltr'>Additur</span> <span class='ocrx_word' id='word_1_35' title='bbox 1009 647 1050 712; x_wconf 88' lang='lat' dir='ltr'>ad</span> <span class='ocrx_word' id='word_1_36' title='bbox 1072 648 1164 713; x_wconf 88' lang='lat' dir='ltr'>hanc</span> <span class='ocrx_word' id='word_1_37' title='bbox 1261 655 1262 658; x_wconf 75' lang='grc'>’</span> 
     </span>
     <span class='ocr_line' id='line_1_6' title="bbox 148 735 1262 821; baseline -0.004 -18"><span class='ocrx_word' id='word_1_38' title='bbox 148 738 368 804; x_wconf 83' lang='lat' dir='ltr'>definitionem</span> <span class='ocrx_word' id='word_1_39' title='bbox 392 759 411 802; x_wconf 88' lang='lat' dir='ltr'>a</span> <span class='ocrx_word' id='word_1_40' title='bbox 434 735 562 802; x_wconf 88' lang='lat' dir='ltr'>Zenone</span> <span class='ocrx_word' id='word_1_41' title='bbox 583 741 682 821; x_wconf 88' lang='lat' dir='ltr'>recte,</span> <span class='ocrx_word' id='word_1_42' title='bbox 705 741 748 801; x_wconf 92' lang='lat' dir='ltr'>ut·</span> <span class='ocrx_word' id='word_1_43' title='bbox 764 737 822 801; x_wconf 90' lang='lat' dir='ltr'>illa</span> <span class='ocrx_word' id='word_1_44' title='bbox 841 737 951 820; x_wconf 90' lang='lat' dir='ltr'>opinio</span> <span class='ocrx_word' id='word_1_45' title='bbox 974 737 1189 819; x_wconf 78' lang='lat' dir='ltr'>praesentise</span> <span class='ocrx_word' id='word_1_46' title='bbox 1261 745 1262 798; x_wconf 83' lang='lat' dir='ltr'>J</span> 
     </span>
     <span class='ocr_line' id='line_1_7' title="bbox 146 824 1161 912; baseline -0.002 -22"><span class='ocrx_word' id='word_1_47' title='bbox 146 828 224 891; x_wconf 86' lang='lat' dir='ltr'>mali</span> <span class='ocrx_word' id='word_1_48' title='bbox 243 828 286 892; x_wconf 90' lang='lat' dir='ltr'>sit</span> <span class='ocrx_word' id='word_1_49' title='bbox 303 847 422 890; x_wconf 89' lang='lat' dir='ltr'>recens.</span> <span class='ocrx_word' id='word_1_50' title='bbox 458 824 531 889; x_wconf 91' lang='lat' dir='ltr'>Hoc</span> <span class='ocrx_word' id='word_1_51' title='bbox 550 828 658 889; x_wconf 89' lang='lat' dir='ltr'>autem</span> <span class='ocrx_word' id='word_1_52' title='bbox 677 825 809 890; x_wconf 84' lang='lat' dir='ltr'>verbum</span> <span class='ocrx_word' id='word_1_53' title='bbox 828 825 874 890; x_wconf 88' lang='lat' dir='ltr'>sic</span> <span class='ocrx_word' id='word_1_54' title='bbox 892 825 1161 912; x_wconf 80' lang='lat' dir='ltr'>interpretantur,</span> 
     </span>
     <span class='ocr_line' id='line_1_8' title="bbox 147 912 1262 996; baseline 0 -18"><span class='ocrx_word' id='word_1_55' title='bbox 147 920 274 980; x_wconf 89' lang='lat' dir='ltr'>utnon</span> <span class='ocrx_word' id='word_1_56' title='bbox 300 918 429 978; x_wconf 88' lang='lat' dir='ltr'>tantum</span> <span class='ocrx_word' id='word_1_57' title='bbox 456 913 546 977; x_wconf 75' lang='lat' dir='ltr'>illud¹</span> <span class='ocrx_word' id='word_1_58' title='bbox 563 934 675 977; x_wconf 86' lang='lat' dir='ltr'>recens</span> <span class='ocrx_word' id='word_1_59' title='bbox 704 935 773 978; x_wconf 86' lang='lat' dir='ltr'>esse</span> <span class='ocrx_word' id='word_1_60' title='bbox 800 913 916 996; x_wconf 84' lang='lat' dir='ltr'>velint,</span> <span class='ocrx_word' id='word_1_61' title='bbox 944 912 1029 996; x_wconf 91' lang='lat' dir='ltr'>qnod</span> <span class='ocrx_word' id='word_1_62' title='bbox 1057 914 1160 996; x_wconf 87' lang='lat' dir='ltr'>paulo</span> <span class='ocrx_word' id='word_1_63' title='bbox 1261 991 1262 996; x_wconf 8' lang='grc' dir='ltr'>γ</span> 
     </span>
     <span class='ocr_line' id='line_1_9' title="bbox 147 999 1262 1086; baseline -0.003 -19"><span class='ocrx_word' id='word_1_64' title='bbox 147 1007 222 1068; x_wconf 88' lang='lat' dir='ltr'>ante</span> <span class='ocrx_word' id='word_1_65' title='bbox 246 1002 410 1084; x_wconf 83' lang='lat' dir='ltr'>acciderit,</span> <span class='ocrx_word' id='word_1_66' title='bbox 433 1000 502 1085; x_wconf 87' lang='lat' dir='ltr'>sed,</span> <span class='ocrx_word' id='word_1_67' title='bbox 526 1021 622 1085; x_wconf 86' lang='lat' dir='ltr'>quam</span> <span class='ocrx_word' id='word_1_68' title='bbox 646 1000 700 1064; x_wconf 86' lang='lat' dir='ltr'>diu</span> <span class='ocrx_word' id='word_1_69' title='bbox 718 1003 751 1065; x_wconf 93' lang='lat' dir='ltr'>in</span> <span class='ocrx_word' id='word_1_70' title='bbox 769 1001 827 1066; x_wconf 94' lang='lat' dir='ltr'>illo</span> <span class='ocrx_word' id='word_1_71' title='bbox 850 1002 982 1086; x_wconf 88' lang='lat' dir='ltr'>opinato</span> <span class='ocrx_word' id='word_1_72' title='bbox 1001 1002 1088 1064; x_wconf 86' lang='lat' dir='ltr'>malo</span> <span class='ocrx_word' id='word_1_73' title='bbox 1107 1002 1170 1065; x_wconf 83' lang='lat' dir='ltr'>vis·</span> <span class='ocrx_word' id='word_1_74' title='bbox 1261 999 1262 1044; x_wconf 61' lang='lat' dir='ltr'>l</span> 
     </span>
     <span class='ocr_line' id='line_1_10' title="bbox 147 1087 1262 1176; baseline -0.002 -22"><span class='ocrx_word' id='word_1_75' title='bbox 147 1091 303 1176; x_wconf 85' lang='lat' dir='ltr'>quaedam</span> <span class='ocrx_word' id='word_1_76' title='bbox 334 1090 425 1166; x_wconf 88' lang='lat' dir='ltr'>insit,</span> <span class='ocrx_word' id='word_1_77' title='bbox 452 1093 489 1153; x_wconf 95' lang='lat' dir='ltr'>ut</span> <span class='ocrx_word' id='word_1_78' title='bbox 514 1091 623 1174; x_wconf 83' lang='lat' dir='ltr'>vigeat</span> <span class='ocrx_word' id='word_1_79' title='bbox 650 1093 688 1153; x_wconf 89' lang='lat' dir='ltr'>et·</span> <span class='ocrx_word' id='word_1_80' title='bbox 709 1088 829 1154; x_wconf 84' lang='lat' dir='ltr'>habeat</span> <span class='ocrx_word' id='word_1_81' title='bbox 856 1087 1016 1172; x_wconf 73' lang='lat' dir='ltr'>quandam</span> <span class='ocrx_word' id='word_1_82' title='bbox 1046 1087 1160 1153; x_wconf 83' lang='lat' dir='ltr'>viridi·</span> <span class='ocrx_word' id='word_1_83' title='bbox 1261 1095 1262 1168; x_wconf 61' lang='grc' dir='ltr'><strong><em>ᾖ</em></strong></span> 
     </span>
     <span class='ocr_line' id='line_1_11' title="bbox 145 1171 1262 1260; baseline 0.002 -18"><span class='ocrx_word' id='word_1_84' title='bbox 145 1181 260 1260; x_wconf 85' lang='lat' dir='ltr'>tatem,</span> <span class='ocrx_word' id='word_1_85' title='bbox 283 1182 352 1242; x_wconf 90' lang='lat' dir='ltr'>tam</span> <span class='ocrx_word' id='word_1_86' title='bbox 375 1176 429 1241; x_wconf 89' lang='lat' dir='ltr'>diu</span> <span class='ocrx_word' id='word_1_87' title='bbox 452 1177 634 1259; x_wconf 76' lang='lat' dir='ltr'>appelletur</span> <span class='ocrx_word' id='word_1_88' title='bbox 653 1197 772 1244; x_wconf 87' lang='lat' dir='ltr'>reeens.</span> <span class='ocrx_word' id='word_1_89' title='bbox 817 1176 864 1242; x_wconf 92' lang='lat' dir='ltr'>Ut</span> <span class='ocrx_word' id='word_1_90' title='bbox 886 1177 1063 1241; x_wconf 82' lang='lat' dir='ltr'>Artemisia</span> <span class='ocrx_word' id='word_1_91' title='bbox 1089 1175 1159 1260; x_wconf 87' lang='lat' dir='ltr'>illa,</span> <span class='ocrx_word' id='word_1_92' title='bbox 1175 1207 1200 1244; x_wconf 84' lang='grc' dir='ltr'>ιο</span> <span class='ocrx_word' id='word_1_93' title='bbox 1261 1171 1262 1250; x_wconf 88' lang='lat' dir='ltr'>l</span> 
     </span>
     <span class='ocr_line' id='line_1_12' title="bbox 146 1261 1262 1350; baseline -0.001 -20"><span class='ocrx_word' id='word_1_94' title='bbox 146 1265 296 1348; x_wconf 85' lang='lat' dir='ltr'>Mausoli,</span> <span class='ocrx_word' id='word_1_95' title='bbox 319 1263 432 1330; x_wconf 82' lang='lat' dir='ltr'>Cariae</span> <span class='ocrx_word' id='word_1_96' title='bbox 450 1265 546 1348; x_wconf 77' lang='lat' dir='ltr'>regis,</span> <span class='ocrx_word' id='word_1_97' title='bbox 569 1286 659 1348; x_wconf 83' lang='lat' dir='ltr'>uxor,</span> <span class='ocrx_word' id='word_1_98' title='bbox 682 1287 763 1350; x_wconf 88' lang='lat' dir='ltr'>quae</span> <span class='ocrx_word' id='word_1_99' title='bbox 781 1265 890 1332; x_wconf 89' lang='lat' dir='ltr'>nobile</span> <span class='ocrx_word' id='word_1_100' title='bbox 909 1264 988 1329; x_wconf 91' lang='lat' dir='ltr'>illud</span> <span class='ocrx_word' id='word_1_101' title='bbox 1006 1261 1160 1332; x_wconf 81' lang='lat' dir='ltr'>Halicar-</span> <span class='ocrx_word' id='word_1_102' title='bbox 1261 1286 1262 1344; x_wconf 67' lang='lat' dir='ltr'>f</span> 
     </span>
     <span class='ocr_line' id='line_1_13' title="bbox 146 1351 1159 1437; baseline 0.002 -20"><span class='ocrx_word' id='word_1_103' title='bbox 146 1353 218 1417; x_wconf 88' lang='lat' dir='ltr'>nasi</span> <span class='ocrx_word' id='word_1_104' title='bbox 246 1352 326 1417; x_wconf 84' lang='lat' dir='ltr'>fecit</span> <span class='ocrx_word' id='word_1_105' title='bbox 350 1352 544 1436; x_wconf 81' lang='lat' dir='ltr'>sepulcrum,</span> <span class='ocrx_word' id='word_1_106' title='bbox 571 1374 675 1436; x_wconf 84' lang='lat' dir='ltr'>quam·</span> <span class='ocrx_word' id='word_1_107' title='bbox 695 1351 749 1418; x_wconf 85' lang='lat' dir='ltr'>diu</span> <span class='ocrx_word' id='word_1_108' title='bbox 776 1353 870 1437; x_wconf 84' lang='lat' dir='ltr'>vixit,</span> <span class='ocrx_word' id='word_1_109' title='bbox 894 1352 976 1418; x_wconf 84' lang='lat' dir='ltr'>vixit</span> <span class='ocrx_word' id='word_1_110' title='bbox 1002 1352 1037 1416; x_wconf 90' lang='lat' dir='ltr'>in</span> <span class='ocrx_word' id='word_1_111' title='bbox 1066 1353 1159 1419; x_wconf 90' lang='lat' dir='ltr'>luctu</span> 
     </span>
     <span class='ocr_line' id='line_1_14' title="bbox 147 1429 1262 1526; baseline -0.001 -21"><span class='ocrx_word' id='word_1_112' title='bbox 147 1441 323 1526; x_wconf 77' lang='lat' dir='ltr'>eodemque</span> <span class='ocrx_word' id='word_1_113' title='bbox 347 1441 445 1504; x_wconf 86' lang='lat' dir='ltr'>etiam</span> <span class='ocrx_word' id='word_1_114' title='bbox 474 1441 622 1506; x_wconf 84' lang='lat' dir='ltr'>confecta</span> <span class='ocrx_word' id='word_1_115' title='bbox 652 1442 828 1506; x_wconf 80' lang='lat' dir='ltr'>contabuit.</span> <span class='ocrx_word' id='word_1_116' title='bbox 874 1439 966 1510; x_wconf 69' lang='lat' dir='ltr'>¹Huic</span> <span class='ocrx_word' id='word_1_117' title='bbox 997 1444 1074 1504; x_wconf 87' lang='lat' dir='ltr'>erat</span> <span class='ocrx_word' id='word_1_118' title='bbox 1097 1441 1159 1506; x_wconf 88' lang='lat' dir='ltr'>illa</span> <span class='ocrx_word' id='word_1_119' title='bbox 1257 1429 1262 1504; x_wconf 82' lang='lat' dir='ltr'>l</span> 
     </span>
     <span class='ocr_line' id='line_1_15' title="bbox 147 1529 1157 1614; baseline -0.001 -19"><span class='ocrx_word' id='word_1_120' title='bbox 147 1529 259 1613; x_wconf 83' lang='lat' dir='ltr'>opinio</span> <span class='ocrx_word' id='word_1_121' title='bbox 282 1529 406 1594; x_wconf 87' lang='lat' dir='ltr'>cotidie·</span> <span class='ocrx_word' id='word_1_122' title='bbox 421 1551 544 1614; x_wconf 66' lang='lat' dir='ltr'>recens,</span> <span class='ocrx_word' id='word_1_123' title='bbox 568 1551 652 1613; x_wconf 85' lang='lat' dir='ltr'>quae</span> <span class='ocrx_word' id='word_1_124' title='bbox 672 1533 741 1594; x_wconf 90' lang='lat' dir='ltr'>tum</span> <span class='ocrx_word' id='word_1_125' title='bbox 763 1529 900 1613; x_wconf 86' lang='lat' dir='ltr'>denique</span> <span class='ocrx_word' id='word_1_126' title='bbox 921 1549 988 1593; x_wconf 86' lang='lat' dir='ltr'>non</span> <span class='ocrx_word' id='word_1_127' title='bbox 1011 1529 1157 1612; x_wconf 85' lang='lat' dir='ltr'>appella·</span> 
     </span>
     <span class='ocr_line' id='line_1_16' title="bbox 146 1618 1262 1705; baseline 0.003 -23"><span class='ocrx_word' id='word_1_128' title='bbox 146 1621 205 1682; x_wconf 86' lang='lat' dir='ltr'>tur·</span> <span class='ocrx_word' id='word_1_129' title='bbox 221 1639 346 1702; x_wconf 81' lang='lat' dir='ltr'>recens,</span> <span class='ocrx_word' id='word_1_130' title='bbox 370 1640 442 1686; x_wconf 87' lang='lat' dir='ltr'>oum</span> <span class='ocrx_word' id='word_1_131' title='bbox 465 1621 625 1686; x_wconf 86' lang='lat' dir='ltr'>vetustate</span> <span class='ocrx_word' id='word_1_132' title='bbox 649 1618 784 1684; x_wconf 81' lang='lat' dir='ltr'>exaruit.</span> <span class='ocrx_word' id='word_1_133' title='bbox 1172 1645 1197 1685; x_wconf 76' lang='lat' dir='ltr'>ra</span> <span class='ocrx_word' id='word_1_134' title='bbox 1257 1695 1262 1705; x_wconf 26' lang='lat'><strong><em>¹</em></strong></span> 
     </span>
    </p>

    <p class='ocr_par' dir='ltr' id='par_1_4' title="bbox 121 1704 1158 1967">
     <span class='ocr_line' id='line_1_17' title="bbox 121 1704 1158 1791; baseline -0.002 -19"><span class='ocrx_word' id='word_1_135' title='bbox 121 1704 124 1708; x_wconf 78' lang='grc'><strong>’</strong></span> <span class='ocrx_word' id='word_1_136' title='bbox 214 1706 307 1773; x_wconf 81' lang='lat' dir='ltr'>llbec</span> <span class='ocrx_word' id='word_1_137' title='bbox 321 1707 424 1791; x_wconf 81' lang='lat' dir='ltr'>igitur</span> <span class='ocrx_word' id='word_1_138' title='bbox 441 1705 549 1772; x_wconf 80' lang='lat' dir='ltr'>officia</span> <span class='ocrx_word' id='word_1_139' title='bbox 568 1707 642 1770; x_wconf 91' lang='lat' dir='ltr'>sunt</span> <span class='ocrx_word' id='word_1_140' title='bbox 660 1706 906 1784; x_wconf 77' lang='lat' dir='ltr'>consolantium,</span> <span class='ocrx_word' id='word_1_141' title='bbox 923 1705 1038 1770; x_wconf 88' lang='lat' dir='ltr'>tollere</span> <span class='ocrx_word' id='word_1_142' title='bbox 1053 1705 1158 1791; x_wconf 23' lang='lat' dir='ltr'>aegri-¹</span> 
     </span>
     <span class='ocr_line' id='line_1_18' title="bbox 147 1791 1158 1877; baseline 0.001 -19"><span class='ocrx_word' id='word_1_143' title='bbox 147 1795 291 1860; x_wconf 84' lang='lat' dir='ltr'>tudinem</span> <span class='ocrx_word' id='word_1_144' title='bbox 313 1794 459 1858; x_wconf 82' lang='lat' dir='ltr'>fundltus</span> <span class='ocrx_word' id='word_1_145' title='bbox 484 1797 541 1858; x_wconf 87' lang='lat' dir='ltr'>aut</span> <span class='ocrx_word' id='word_1_146' title='bbox 564 1793 674 1858; x_wconf 86' lang='lat' dir='ltr'>sedare</span> <span class='ocrx_word' id='word_1_147' title='bbox 698 1799 760 1858; x_wconf 89' lang='lat' dir='ltr'>aut</span> <span class='ocrx_word' id='word_1_148' title='bbox 777 1793 945 1860; x_wconf 81' lang='lat' dir='ltr'>detrahere</span> <span class='ocrx_word' id='word_1_149' title='bbox 968 1815 1064 1877; x_wconf 88' lang='lat' dir='ltr'>quam</span> <span class='ocrx_word' id='word_1_150' title='bbox 1086 1791 1158 1877; x_wconf 85' lang='lat' dir='ltr'>plu·</span> 
     </span>
     <span class='ocr_line' id='line_1_19' title="bbox 146 1881 1157 1967; baseline 0 -21"><span class='ocrx_word' id='word_1_151' title='bbox 146 1903 276 1948; x_wconf 86' lang='lat' dir='ltr'>rumum</span> <span class='ocrx_word' id='word_1_152' title='bbox 302 1887 367 1950; x_wconf 61' lang='lat' dir='ltr'>aut¹</span> <span class='ocrx_word' id='word_1_153' title='bbox 386 1881 588 1966; x_wconf 85' lang='lat' dir='ltr'>supprimere</span> <span class='ocrx_word' id='word_1_154' title='bbox 607 1901 665 1946; x_wconf 88' lang='lat' dir='ltr'>nec</span> <span class='ocrx_word' id='word_1_155' title='bbox 688 1883 756 1966; x_wconf 89' lang='lat' dir='ltr'>pati</span> <span class='ocrx_word' id='word_1_156' title='bbox 782 1903 914 1946; x_wconf 84' lang='lat' dir='ltr'>manare</span> <span class='ocrx_word' id='word_1_157' title='bbox 940 1881 1071 1967; x_wconf 82' lang='lat' dir='ltr'>longius</span> <span class='ocrx_word' id='word_1_158' title='bbox 1099 1887 1157 1949; x_wconf 88' lang='lat' dir='ltr'>aut</span> 
     </span>
    </p>

    <p class='ocr_par' dir='ltr' id='par_1_5' title="bbox 95 1967 1262 3267">
     <span class='ocr_line' id='line_1_20' title="bbox 95 1967 1157 2054; baseline -0.001 -15"><span class='ocrx_word' id='word_1_159' title='bbox 95 1992 128 2039; x_wconf 75' lang='lat' dir='ltr'>re</span> <span class='ocrx_word' id='word_1_160' title='bbox 148 1969 275 2039; x_wconf 83' lang='lat' dir='ltr'>adalia·</span> <span class='ocrx_word' id='word_1_161' title='bbox 290 1970 466 2038; x_wconf 82' lang='lat' dir='ltr'>traducere.</span> <span class='ocrx_word' id='word_1_162' title='bbox 503 1967 585 2034; x_wconf 83' lang='lat' dir='ltr'>Sunt</span> <span class='ocrx_word' id='word_1_163' title='bbox 608 1971 661 2054; x_wconf 89' lang='lat' dir='ltr'>qui</span> <span class='ocrx_word' id='word_1_164' title='bbox 679 1991 779 2034; x_wconf 89' lang='lat' dir='ltr'>unum</span> <span class='ocrx_word' id='word_1_165' title='bbox 798 1969 945 2036; x_wconf 22' lang='lat' dir='ltr'>officium*</span> <span class='ocrx_word' id='word_1_166' title='bbox 958 1970 1157 2038; x_wconf 70' lang='lat' dir='ltr'>consolantis</span> 
     </span>
     <span class='ocr_line' id='line_1_21' title="bbox 147 2052 1193 2140; baseline 0.003 -18"><span class='ocrx_word' id='word_1_167' title='bbox 147 2062 263 2140; x_wconf 88' lang='lat' dir='ltr'>putent</span> <span class='ocrx_word' id='word_1_168' title='bbox 294 2058 416 2122; x_wconf 87' lang='lat' dir='ltr'>malum</span> <span class='ocrx_word' id='word_1_169' title='bbox 449 2057 530 2121; x_wconf 89' lang='lat' dir='ltr'>illud</span> <span class='ocrx_word' id='word_1_170' title='bbox 561 2059 692 2128; x_wconf 84' lang='lat' dir='ltr'>omnino</span> <span class='ocrx_word' id='word_1_171' title='bbox 723 2081 789 2124; x_wconf 93' lang='lat' dir='ltr'>non</span> <span class='ocrx_word' id='word_1_172' title='bbox 821 2079 903 2136; x_wconf 90' lang='lat' dir='ltr'>esse,</span> <span class='ocrx_word' id='word_1_173' title='bbox 934 2061 981 2122; x_wconf 70' lang='lat' dir='ltr'>ut⁴</span> <span class='ocrx_word' id='word_1_174' title='bbox 1003 2052 1155 2125; x_wconf 79' lang='lat' dir='ltr'>Ole‘anthi</span> <span class='ocrx_word' id='word_1_175' title='bbox 1168 2085 1193 2124; x_wconf 83' lang='lat' dir='ltr'>ro</span> 
     </span>
     <span class='ocr_line' id='line_1_22' title="bbox 145 2143 1262 2231; baseline 0 -21"><span class='ocrx_word' id='word_1_176' title='bbox 145 2144 266 2230; x_wconf 83' lang='lat' dir='ltr'>placet3</span> <span class='ocrx_word' id='word_1_177' title='bbox 290 2149 372 2210; x_wconf 89' lang='lat' dir='ltr'>sunt</span> <span class='ocrx_word' id='word_1_178' title='bbox 388 2145 443 2228; x_wconf 90' lang='lat' dir='ltr'>qui</span> <span class='ocrx_word' id='word_1_179' title='bbox 460 2165 526 2210; x_wconf 91' lang='lat' dir='ltr'>non</span> <span class='ocrx_word' id='word_1_180' title='bbox 544 2165 698 2230; x_wconf 82' lang='lat' dir='ltr'>magnum</span> <span class='ocrx_word' id='word_1_181' title='bbox 718 2147 854 2230; x_wconf 89' lang='lat' dir='ltr'>malum,</span> <span class='ocrx_word' id='word_1_182' title='bbox 876 2149 916 2212; x_wconf 89' lang='lat' dir='ltr'>ut</span> <span class='ocrx_word' id='word_1_183' title='bbox 931 2143 1156 2231; x_wconf 78' lang='lat' dir='ltr'>Peripatetici5</span> <span class='ocrx_word' id='word_1_184' title='bbox 1261 2181 1262 2184; x_wconf 17' lang='grc' dir='ltr'>π</span> 
     </span>
     <span class='ocr_line' id='line_1_23' title="bbox 147 2233 1155 2319; baseline 0.001 -21"><span class='ocrx_word' id='word_1_185' title='bbox 147 2237 223 2298; x_wconf 90' lang='lat' dir='ltr'>sunt</span> <span class='ocrx_word' id='word_1_186' title='bbox 256 2233 318 2317; x_wconf 81' lang='lat' dir='ltr'>qui·</span> <span class='ocrx_word' id='word_1_187' title='bbox 343 2233 509 2298; x_wconf 85' lang='lat' dir='ltr'>abducant·</span> <span class='ocrx_word' id='word_1_188' title='bbox 536 2255 556 2298; x_wconf 88' lang='lat' dir='ltr'>a</span> <span class='ocrx_word' id='word_1_189' title='bbox 587 2235 687 2315; x_wconf 76' lang='lat' dir='ltr'>malis</span> <span class='ocrx_word' id='word_1_190' title='bbox 714 2235 754 2298; x_wconf 90' lang='lat' dir='ltr'>ad</span> <span class='ocrx_word' id='word_1_191' title='bbox 786 2235 883 2318; x_wconf 86' lang='lat' dir='ltr'>bona,</span> <span class='ocrx_word' id='word_1_192' title='bbox 915 2237 954 2298; x_wconf 88' lang='lat' dir='ltr'>ut</span> <span class='ocrx_word' id='word_1_193' title='bbox 980 2233 1155 2319; x_wconf 59' lang='lat' dir='ltr'>Epicurum</span> 
     </span>
     <span class='ocr_line' id='line_1_24' title="bbox 147 2321 1262 2406; baseline 0.004 -22"><span class='ocrx_word' id='word_1_194' title='bbox 147 2326 223 2386; x_wconf 83' lang='lat' dir='ltr'>sunt</span> <span class='ocrx_word' id='word_1_195' title='bbox 253 2322 307 2405; x_wconf 85' lang='lat' dir='ltr'>qui</span> <span class='ocrx_word' id='word_1_196' title='bbox 335 2321 415 2386; x_wconf 85' lang='lat' dir='ltr'>satis</span> <span class='ocrx_word' id='word_1_197' title='bbox 442 2324 559 2405; x_wconf 90' lang='lat' dir='ltr'>putent</span> <span class='ocrx_word' id='word_1_198' title='bbox 585 2322 753 2387; x_wconf 85' lang='lat' dir='ltr'>ostendere</span> <span class='ocrx_word' id='word_1_199' title='bbox 779 2321 861 2388; x_wconf 91' lang='lat' dir='ltr'>nihil</span> <span class='ocrx_word' id='word_1_200' title='bbox 889 2321 1050 2406; x_wconf 86' lang='lat' dir='ltr'>inopinati</span> <span class='ocrx_word' id='word_1_201' title='bbox 1074 2323 1155 2387; x_wconf 87' lang='lat' dir='ltr'>acei-</span> <span class='ocrx_word' id='word_1_202' title='bbox 1261 2365 1262 2388; x_wconf 56' lang='lat'><em>2</em></span> 
     </span>
     <span class='ocr_line' id='line_1_25' title="bbox 147 2408 1155 2494; baseline 0 -20"><span class='ocrx_word' id='word_1_203' title='bbox 147 2409 246 2494; x_wconf 86' lang='lat' dir='ltr'>disse,</span> <span class='ocrx_word' id='word_1_204' title='bbox 276 2415 313 2475; x_wconf 82' lang='lat' dir='ltr'>ut</span> <span class='ocrx_word' id='word_1_205' title='bbox 343 2409 512 2492; x_wconf 76' lang='lat' dir='ltr'>O&#39;prenur&#39;oi.</span> <span class='ocrx_word' id='word_1_206' title='bbox 571 2408 770 2494; x_wconf 75' lang='lat' dir='ltr'>Chrysippus</span> <span class='ocrx_word' id='word_1_207' title='bbox 807 2413 915 2474; x_wconf 86' lang='lat' dir='ltr'>autem</span> <span class='ocrx_word' id='word_1_208' title='bbox 951 2413 1051 2494; x_wconf 86' lang='lat' dir='ltr'>caput</span> <span class='ocrx_word' id='word_1_209' title='bbox 1072 2419 1155 2476; x_wconf 83' lang='lat' dir='ltr'>&#39;esse</span> 
     </span>
     <span class='ocr_line' id='line_1_26' title="bbox 147 2497 1192 2583; baseline 0.003 -21"><span class='ocrx_word' id='word_1_210' title='bbox 147 2501 256 2563; x_wconf 86' lang='lat' dir='ltr'>censet</span> <span class='ocrx_word' id='word_1_211' title='bbox 277 2499 313 2562; x_wconf 90' lang='lat' dir='ltr'>in</span> <span class='ocrx_word' id='word_1_212' title='bbox 336 2498 533 2564; x_wconf 86' lang='lat' dir='ltr'>consolando</span> <span class='ocrx_word' id='word_1_213' title='bbox 556 2497 723 2568; x_wconf 83' lang='lat' dir='ltr'>detrahere</span> <span class='ocrx_word' id='word_1_214' title='bbox 746 2498 839 2563; x_wconf 91' lang='lat' dir='ltr'>illam</span> <span class='ocrx_word' id='word_1_215' title='bbox 862 2498 1050 2583; x_wconf 89' lang='lat' dir='ltr'>opinionem</span> <span class='ocrx_word' id='word_1_216' title='bbox 1069 2521 1155 2563; x_wconf 86' lang='lat' dir='ltr'>mae·</span> <span class='ocrx_word' id='word_1_217' title='bbox 1168 2523 1192 2565; x_wconf 78' lang='lat' dir='ltr'>a</span> 
     </span>
     <span class='ocr_line' id='line_1_27' title="bbox 146 2585 1155 2674; baseline 0.003 -24"><span class='ocrx_word' id='word_1_218' title='bbox 146 2587 239 2671; x_wconf 88' lang='lat' dir='ltr'>renti,</span> <span class='ocrx_word' id='word_1_219' title='bbox 259 2587 285 2651; x_wconf 90' lang='lat' dir='ltr'>si</span> <span class='ocrx_word' id='word_1_220' title='bbox 305 2608 340 2650; x_wconf 88' lang='lat' dir='ltr'>se</span> <span class='ocrx_word' id='word_1_221' title='bbox 358 2586 465 2651; x_wconf 87' lang='lat' dir='ltr'>officio</span> <span class='ocrx_word' id='word_1_222' title='bbox 484 2587 581 2674; x_wconf 81' lang='lat' dir='ltr'>fungi</span> <span class='ocrx_word' id='word_1_223' title='bbox 594 2586 789 2670; x_wconf 84' lang='lat' dir='ltr'>putetiusto</span> <span class='ocrx_word' id='word_1_224' title='bbox 809 2589 905 2670; x_wconf 88' lang='lat' dir='ltr'>atque</span> <span class='ocrx_word' id='word_1_225' title='bbox 924 2586 1042 2650; x_wconf 84' lang='lat' dir='ltr'>debito.</span> <span class='ocrx_word' id='word_1_226' title='bbox 1073 2585 1155 2653; x_wconf 80' lang='lat' dir='ltr'>Sunt</span> 
     </span>
     <span class='ocr_line' id='line_1_28' title="bbox 147 2671 1161 2759; baseline 0.001 -21"><span class='ocrx_word' id='word_1_227' title='bbox 147 2675 248 2738; x_wconf 87' lang='lat' dir='ltr'>etiarn</span> <span class='ocrx_word' id='word_1_228' title='bbox 260 2674 316 2758; x_wconf 89' lang='lat' dir='ltr'>qui</span> <span class='ocrx_word' id='word_1_229' title='bbox 334 2673 538 2745; x_wconf 81' lang='lat' dir='ltr'>haecomnia</span> <span class='ocrx_word' id='word_1_230' title='bbox 552 2671 1161 2759; x_wconf 76' lang='lat' dir='ltr'>genera·consolandi·colligant&#39;(alius·</span> 
     </span>
     <span class='ocr_line' id='line_1_29' title="bbox 147 2745 1154 2849; baseline 0 -23"><span class='ocrx_word' id='word_1_231' title='bbox 147 2763 233 2826; x_wconf 82' lang='lat' dir='ltr'>eninr</span> <span class='ocrx_word' id='word_1_232' title='bbox 252 2763 318 2827; x_wconf 85' lang='lat' dir='ltr'>alio</span> <span class='ocrx_word' id='word_1_233' title='bbox 337 2763 432 2828; x_wconf 89' lang='lat' dir='ltr'>modo</span> <span class='ocrx_word' id='word_1_234' title='bbox 451 2760 626 2849; x_wconf 87' lang='lat' dir='ltr'>movetur),</span> <span class='ocrx_word' id='word_1_235' title='bbox 648 2765 685 2826; x_wconf 93' lang='lat' dir='ltr'>ut</span> <span class='ocrx_word' id='word_1_236' title='bbox 709 2762 775 2826; x_wconf 82' lang='lat' dir='ltr'>fere</span> <span class='ocrx_word' id='word_1_237' title='bbox 792 2783 852 2826; x_wconf 88' lang='lat' dir='ltr'>nos</span> <span class='ocrx_word' id='word_1_238' title='bbox 870 2763 906 2826; x_wconf 92' lang='lat' dir='ltr'>in</span> <span class='ocrx_word' id='word_1_239' title='bbox 920 2745 1154 2834; x_wconf 60' lang='lat' dir='ltr'>Consolatione</span> 
     </span>
     <span class='ocr_line' id='line_1_30' title="bbox 148 2849 1154 2934; baseline 0 -18"><span class='ocrx_word' id='word_1_240' title='bbox 148 2851 256 2916; x_wconf 88' lang='lat' dir='ltr'>omnia</span> <span class='ocrx_word' id='word_1_241' title='bbox 283 2850 318 2915; x_wconf 89' lang='lat' dir='ltr'>in</span> <span class='ocrx_word' id='word_1_242' title='bbox 341 2851 596 2916; x_wconf 79' lang='lat' dir='ltr'>consolationem</span> <span class='ocrx_word' id='word_1_243' title='bbox 618 2871 716 2914; x_wconf 84' lang='lat' dir='ltr'>unam</span> <span class='ocrx_word' id='word_1_244' title='bbox 739 2850 945 2934; x_wconf 81' lang='lat' dir='ltr'>coniecimus3</span> <span class='ocrx_word' id='word_1_245' title='bbox 975 2849 1154 2918; x_wconf 88' lang='lat' dir='ltr'>eratenim</span> 
     </span>
     <span class='ocr_line' id='line_1_31' title="bbox 147 2938 1189 3024; baseline 0.002 -22"><span class='ocrx_word' id='word_1_246' title='bbox 147 2940 181 3002; x_wconf 87' lang='lat' dir='ltr'>in</span> <span class='ocrx_word' id='word_1_247' title='bbox 198 2943 326 3003; x_wconf 91' lang='lat' dir='ltr'>tumore</span> <span class='ocrx_word' id='word_1_248' title='bbox 345 2939 480 3024; x_wconf 86' lang='lat' dir='ltr'>animus,</span> <span class='ocrx_word' id='word_1_249' title='bbox 500 2938 654 3002; x_wconf 85' lang='lat' dir='ltr'>etomnis</span> <span class='ocrx_word' id='word_1_250' title='bbox 673 2939 709 3002; x_wconf 94' lang='lat' dir='ltr'>in</span> <span class='ocrx_word' id='word_1_251' title='bbox 726 2959 764 3002; x_wconf 90' lang='lat' dir='ltr'>eo</span> <span class='ocrx_word' id='word_1_252' title='bbox 782 2938 1009 3021; x_wconf 85' lang='lat' dir='ltr'>temptabatur</span> <span class='ocrx_word' id='word_1_253' title='bbox 1021 2939 1153 3004; x_wconf 85' lang='lat' dir='ltr'>curatio.</span> <span class='ocrx_word' id='word_1_254' title='bbox 1165 2964 1189 3004; x_wconf 81' lang='lat' dir='ltr'>a</span> 
     </span>
     <span class='ocr_line' id='line_1_32' title="bbox 148 3025 1154 3110; baseline 0.001 -20"><span class='ocrx_word' id='word_1_255' title='bbox 148 3025 209 3090; x_wconf 79' lang='lat' dir='ltr'>sed</span> <span class='ocrx_word' id='word_1_256' title='bbox 238 3027 428 3092; x_wconf 82' lang='lat' dir='ltr'>sumendum</span> <span class='ocrx_word' id='word_1_257' title='bbox 456 3029 591 3110; x_wconf 84' lang='lat' dir='ltr'>tempus·</span> <span class='ocrx_word' id='word_1_258' title='bbox 614 3028 664 3090; x_wconf 88' lang='lat' dir='ltr'>est</span> <span class='ocrx_word' id='word_1_259' title='bbox 690 3047 757 3090; x_wconf 91' lang='lat' dir='ltr'>non</span> <span class='ocrx_word' id='word_1_260' title='bbox 783 3027 891 3090; x_wconf 86' lang='lat' dir='ltr'>minus</span> <span class='ocrx_word' id='word_1_261' title='bbox 917 3026 951 3090; x_wconf 90' lang='lat' dir='ltr'>in</span> <span class='ocrx_word' id='word_1_262' title='bbox 974 3025 1154 3092; x_wconf 84' lang='lat' dir='ltr'>animorum</span> 
     </span>
     <span class='ocr_line' id='line_1_33' title="bbox 147 3112 1154 3200; baseline 0.001 -22"><span class='ocrx_word' id='word_1_263' title='bbox 147 3115 269 3179; x_wconf 87' lang='lat' dir='ltr'>morbis</span> <span class='ocrx_word' id='word_1_264' title='bbox 284 3136 381 3198; x_wconf 84' lang='lat' dir='ltr'>quam</span> <span class='ocrx_word' id='word_1_265' title='bbox 394 3115 426 3177; x_wconf 90' lang='lat' dir='ltr'>in</span> <span class='ocrx_word' id='word_1_266' title='bbox 443 3135 626 3200; x_wconf 65' lang='lat' dir='ltr'>corporum</span> <span class='ocrx_word' id='word_1_267' title='bbox 644 3117 682 3179; x_wconf 91' lang='lat' dir='ltr'>ut</span> <span class='ocrx_word' id='word_1_268' title='bbox 694 3113 906 3179; x_wconf 79' lang='lat' dir='ltr'>Prometheus</span> <span class='ocrx_word' id='word_1_269' title='bbox 919 3113 977 3178; x_wconf 90' lang='lat' dir='ltr'>ille</span> <span class='ocrx_word' id='word_1_270' title='bbox 991 3112 1154 3200; x_wconf 79' lang='lat' dir='ltr'>Aeschyli,</span> 
     </span>
     <span class='ocr_line' id='line_1_34' title="bbox 147 3203 560 3267; baseline 0.002 -1"><span class='ocrx_word' id='word_1_271' title='bbox 147 3203 197 3266; x_wconf 87' lang='lat' dir='ltr'>cui</span> <span class='ocrx_word' id='word_1_272' title='bbox 221 3223 294 3266; x_wconf 79' lang='lat' dir='ltr'>cunr</span> <span class='ocrx_word' id='word_1_273' title='bbox 317 3203 439 3266; x_wconf 88' lang='lat' dir='ltr'>dictum</span> <span class='ocrx_word' id='word_1_274' title='bbox 462 3206 560 3267; x_wconf 88' lang='lat' dir='ltr'>esset:</span> 
     </span>
    </p>
   </div>
   <div class='ocr_carea' id='block_1_3' title="bbox 1258 2543 1262 2618">
    <p class='ocr_par' dir='ltr' id='par_1_6' title="bbox 1258 2543 1262 2618">
     <span class='ocr_line' id='line_1_35' title="bbox 1258 2543 1262 2618; baseline 0 -72"><span class='ocrx_word' id='word_1_275' title='bbox 1258 2543 1262 2618; x_wconf 62' lang='lat'>,</span> 
     </span>
    </p>
   </div>
   <div class='ocr_carea' id='block_1_4' title="bbox 190 3321 1186 3508">
    <p class='ocr_par' dir='ltr' id='par_1_7' title="bbox 190 3321 1186 3508">
     <span class='ocr_line' id='line_1_36' title="bbox 190 3321 1114 3410; baseline 0.003 -23"><span class='ocrx_word' id='word_1_276' title='bbox 190 3321 322 3408; x_wconf 83' lang='lat' dir='ltr'>Atqui,</span> <span class='ocrx_word' id='word_1_277' title='bbox 345 3323 586 3407; x_wconf 82' lang='lat' dir='ltr'>Prometheo,</span> <span class='ocrx_word' id='word_1_278' title='bbox 608 3327 646 3388; x_wconf 94' lang='lat' dir='ltr'>te</span> <span class='ocrx_word' id='word_1_279' title='bbox 669 3323 739 3388; x_wconf 81' lang='lat' dir='ltr'>hdo</span> <span class='ocrx_word' id='word_1_280' title='bbox 762 3328 894 3390; x_wconf 89' lang='lat' dir='ltr'>tenere</span> <span class='ocrx_word' id='word_1_281' title='bbox 918 3321 1114 3410; x_wconf 74' lang='lat' dir='ltr'>existimo,</span> 
     </span>
     <span class='ocr_line' id='line_1_37' title="bbox 190 3409 1186 3508; baseline 0.003 -34"><span class='ocrx_word' id='word_1_282' title='bbox 190 3409 335 3477; x_wconf 75' lang='lat' dir='ltr'>Mederi</span> <span class='ocrx_word' id='word_1_283' title='bbox 357 3433 472 3494; x_wconf 90' lang='lat' dir='ltr'>posse</span> <span class='ocrx_word' id='word_1_284' title='bbox 494 3412 694 3508; x_wconf 43' lang='lat' dir='ltr'>rationem*</span> <span class='ocrx_word' id='word_1_285' title='bbox 709 3411 954 3498; x_wconf 76' lang='lat' dir='ltr'>iracundiae,</span> <span class='ocrx_word' id='word_1_286' title='bbox 1162 3437 1186 3477; x_wconf 77' lang='lat' dir='ltr'>a</span> 
     </span>
    </p>
   </div>
   <div class='ocr_carea' id='block_1_5' title="bbox 145 3549 326 3632">
    <p class='ocr_par' dir='ltr' id='par_1_8' title="bbox 145 3549 326 3632">
     <span class='ocr_line' id='line_1_38' title="bbox 145 3549 326 3632; baseline 0.006 -19"><span class='ocrx_word' id='word_1_287' title='bbox 145 3549 326 3632; x_wconf 87' lang='lat' dir='ltr'>respondit:</span> 
     </span>
    </p>
   </div>
   <div class='ocr_carea' id='block_1_6' title="bbox 0 0 1274 3956">
    <p class='ocr_par' dir='ltr' id='par_1_9' title="bbox 0 0 1274 3956">
     <span class='ocr_line' id='line_1_39' title="bbox 0 0 1274 3956; baseline 0 0"><span class='ocrx_word' id='word_1_288' title='bbox 0 0 1274 3956; x_wconf 95' lang='lat' dir='ltr'> </span> 
     </span>
    </p>
   </div>
  </div>
 </body>
</html>
