2552 3966
329 223 395 277 ιιι.
413 224 435 278 1.
463 185 539 279 aar.
559 229 589 292 e,
609 228 633 279 ι.
661 227 818 289 ιιι-ιι.
1017 223 1078 286 101

58 408 122 452 nos
156 389 277 452 natura
309 385 421 470 genuit
453 388 486 450 et
517 384 746 468 conformavit,
777 388 816 450 ut
842 384 922 450 mihi
950 385 1079 470 quidem

59 475 204 540 videtur.
252 473 302 540 Ac
329 473 399 538 fieri
426 477 614 558 potesttu
642 495 759 558 errem,
787 473 842 538 sed
868 473 916 538 ιιι
946 495 1078 556 prorsus

61 563 235 647 existimo,
270 583 373 646 neque
409 583 483 627 eum
518 562 732 646 Torquatum,
771 561 827 646 qni
862 562 923 628 hoc
955 563 1081 664 primus

63 672 251 738 cognomen
268 649 405 734 invenit,
428 654 485 716 aut
503 653 654 736 torquem
675 651 770 717 illum
787 650 874 716 host'
849 654 876 715 u
895 650 949 715 det
934 651 1080 734 traxisse,

39 745 102 806 rut
127 740 275 824 aliquam
299 760 338 804 ex
361 760 399 805 eo
421 739 601 823 perciperet
623 760 757 823 corpore
780 739 928 823 voluptat
929 760 994 823 em,
1023 744 1080 804 aut

64 851 141 894 cum
165 826 294 894 Latinis
317 827 414 893 tertio
438 827 586 893 consulat
571 831 608 893 tu
627 828 809 893 conflixisse
829 826 1080 913 apudVeserim

63 919 204 1001 propter
222 906 434 1018 voluptatem.
462 915 555 992 Quod
573 937 649 982 vero
669 916 772 982 securi
791 916 951 1000 percussit
967 916 1080 998 filium,

64 1005 250 1108 privavisse
274 1026 308 1069 se
331 1005 432 1069 etiam
454 1004 542 1070 videt
527 1007 581 1070 tur
604 1004 715 1076 multis
737 1004 961 1090 voluptat1bus
967 1054 994 1088 ,
998 1026 1080 1070 cum

64 1093 130 1177 ipsi
148 1097 286 1158 naturae
304 1093 477 1197 patrioque
496 1115 600 1158 amori
591 1093 839 1178 praetulerit
829 1115 880 1159 rus
899 1093 1079 1158 maiestatis

31 1182 205 1266 noctque'
195 1181 334 1266 rmpcrii.
384 1180 489 1257 Quid?
529 1182 565 1247 T.
591 1179 736 1268 Torquet
736 1204 788 1266 us,
819 1182 848 1247 is
880 1182 935 1268 qui
967 1183 1080 1248 consul
1098 1195 1132 1242 rr
1261 1185 1262 1214 ³

66 1292 142 1336 cum
172 1267 230 1336 On.
256 1269 391 1336 Octavio
419 1267 496 1354 fuit,
524 1291 596 1336 cum
623 1270 716 1336 illani
744 1233 989 1336 actoritatem
979 1292 1078 1336 meo

66 1359 135 1424 filio
161 1357 324 1443 adhibuit,
346 1380 442 1443 quem
464 1359 498 1422 in
522 1357 728 1442 adoptionem
747 1359 786 1426 D
806 1357 916 1425 Silano
940 1361 1080 1425 emanci-

66 1451 221 1531 paverat,
260 1451 297 1512 ut
333 1468 407 1512 eum
442 1445 655 1512 Macedonum
690 1447 789 1532 legat'
780 1469 808 1512 1s
845 1447 1080 1532 accusantibus,

67 1535 155 1621 quod
169 1535 323 1619 pecunias
336 1537 519 1620 praetorem
532 1535 568 1601 in
583 1535 750 1618 provincia
762 1536 886 1620 cepisse
901 1540 1081 1621 arguerent,

34 1648 56 1688 ιι
68 1645 203 1689 causam
223 1622 309 1709 apud
328 1644 362 1688 se
381 1623 486 1688 dicere
509 1623 636 1688 iuberet
657 1645 755 1709 reque
779 1646 818 1689 ex
835 1627 969 1708 utraque
988 1629 1080 1708 parte

13 1747 14 1804 q
70 1713 183 1786 audita
209 1711 434 1796 pronuntiaret
466 1733 540 1778 eum
568 1733 636 1776 non
660 1711 761 1776 talem
787 1711 889 1778 videri
916 1712 1017 1777 fuisse
1046 1713 1081 1779 ιιι

13 1805 15 1856 l
69 1800 220 1885 imperio,
239 1800 391 1902 quales
364 1821 432 1864 erus
451 1800 588 1866 maiores
607 1799 754 1885 fuissent,
731 1801 857 1866 tetin
870 1803 1080 1884 conspectum

13 1911 14 1916 ¹
71 1911 165 1954 suum
193 1889 301 1979 venire
330 1887 448 1972 vetuit,
479 1888 634 1974 numquid
660 1888 723 1954 tibi
745 1850 835 1953 'videt
821 1894 875 1953 tur
904 1888 943 1953 de
970 1889 1080 1972 volup·

71 1969 211 2042 tatibus
226 1977 293 2043 suis
321 1976 540 2063 cogitavisse?
590 1975 653 2044 Sed
683 1980 722 2043 ut
749 1977 831 2042 omit
816 1979 900 2043 ttam
929 1977 1081 2062 pericula,

39 1982 213 2148 aleberes,
242 2065 386 2131 dolorem
414 2066 524 2150 etiam,
557 2087 652 2151 quem
684 2065 827 2151 optimus
854 2065 990 2152 quisque
1021 2089 1080 2151 pro

73 2154 229 2238 patriae
212 2157 245 2218 et
275 2175 334 2238 pro
372 2154 438 2220 suis
471 2152 618 2240 suscipit,
655 2157 693 2219 ut
722 2175 789 2220 non
824 2154 919 2220 modo
955 2154 1081 2220 nullam

74 2241 269 2328 captet,„sed
288 2241 387 2309 etiam
404 2245 588 2327 praetereat
606 2263 718 2307 omnes
736 2243 931 2328 voluptates,
953 2243 1081 2310 dolores

75 2331 209 2416 denique
232 2331 364 2416 quosvis
388 2331 549 2416 suscipere
572 2331 667 2397 malit
691 2353 788 2416 quam
811 2332 957 2398 descrere
979 2331 1081 2397 ullam

76 2419 173 2485 officii
195 2424 336 2502 partem,
359 2419 400 2484 ad
423 2439 474 2503 ea,
502 2440 583 2504 quae
605 2418 668 2484 hoc
689 2440 756 2484 non
778 2419 884 2486 minus
908 2419 1081 2503 declarant,
1164 2462 1167 2467 -

42 2507 130 2572 used
152 2507 303 2573 videntur
324 2507 461 2590 leviora,
483 2506 660 2573 veniamus.
706 2506 790 2583 Quid
812 2506 884 2592 tibi,
907 2506 1079 2592 Torquate,
1098 2521 1132 2568 ιι

75 2595 149 2680 quid
175 2594 251 2660 huic
274 2595 397 2661 Triario
425 2596 568 2680 litterae,
597 2595 674 2680 quid
696 2595 852 2661 historiae
876 2595 1081 2682 cognitioque
1193 2618 1195 2622 ·

76 2705 194 2768 rerum,
222 2684 298 2769 quid
325 2687 495 2769 poetarum
524 2684 679 2768 evolutio,
708 2684 785 2770 quid
811 2687 905 2750 tanta
931 2687 983 2751 tot
1012 2707 1081 2751 ver·

78 2794 168 2838 suum
199 2773 357 2839 memoria
387 2773 564 2858 voluptatis
598 2772 712 2838 affert?
778 2770 847 2838 Nec
884 2773 966 2839 mihi
1002 2774 1082 2839 illud

78 2861 207 2926 dixeris:
230 2859 331 2927 ‘Haeo
349 2861 436 2926 enim
452 2861 525 2947 ipsa
542 2861 623 2927 mihi
642 2864 718 2927 sunt
737 2861 911 2946 voluptati,
934 2865 967 2926 et
990 2867 1082 2928 eraut

46 2950 134 3014 scilla
154 2947 347 3033 Torquatis?
391 2947 577 3035 Numquam
596 2949 661 3016 hoc
686 2950 734 3016 ita
756 2949 899 3016 defendit
921 2949 1082 3035 Epicurus

78 3059 177 3124 neque
190 3036 393 3104 Metrodorus
412 3041 468 3102 aut
485 3039 656 3123 quisquam
674 3059 794 3124 eorum,
813 3039 869 3123 qui
883 3041 941 3104 aut
954 3043 1083 3124 saperet

81 3125 198 3212 aliquid
220 3129 277 3191 eut
298 3126 363 3192 iste
385 3125 557 3192 didicisset.
606 3125 652 3192 Et
681 3127 768 3212 quod
791 3127 955 3213 quaeritur
978 3148 1083 3212 saepe,

81 3235 133 3280 cur
149 3217 216 3278 tam
235 3214 329 3280 multi
348 3215 413 3280 sint
430 3213 596 3299 Epicurei,
615 3219 691 3280 sunt
710 3217 793 3281 aliae
812 3237 938 3300 quoque
957 3237 1083 3298 causae,

82 3303 133 3368 sed
150 3303 387 3368 multitudinem
410 3302 491 3368 haec
509 3303 648 3369 maxime
666 3304 775 3387 allicit,
799 3304 886 3389 quod
902 3304 950 3368 ita
965 3307 1084 3388 putant

49 3414 71 3456 u
83 3391 140 3457 dici
157 3391 198 3457 ab
216 3391 288 3474 illo,
310 3395 400 3458 recta
418 3395 450 3456 et
468 3391 606 3458 honesta
628 3414 709 3477 quae
729 3394 807 3470 sint,
831 3413 870 3458 ea
885 3391 992 3458 facere
1010 3392 1083 3474 ipsa

82 3501 134 3564 per
154 3500 189 3545 se
212 3479 387 3564 laetitiam,
409 3478 442 3545 id
466 3483 516 3546 est
537 3481 750 3564 voluptatem.
786 3480 943 3546 Homines
965 3479 1084 3564 optimi

82 3589 143 3634 non
166 3567 362 3654 intellegunt
387 3571 492 3634 totam
520 3569 680 3634 rationem
709 3569 822 3653 everti,
854 3569 1024 3634 olitores
1049 3591 1083 3634 se
