2502 3960
168 187 211 250 52
432 185 723 241 Acsbumcoauu
741 186 910 242 PRIORUM

167 347 265 412 dani?
302 348 356 432 qui
391 351 485 412 erant
515 347 653 412 Athenis
683 354 755 412 tum
788 350 951 451 principes
984 348 1201 438 Stoicorum.

82 498 86 510 ,
166 435 351 520 Numquam
378 459 400 500 a
425 435 562 500 Philone
589 436 750 518 discessit,
776 437 841 500 nisi
866 440 1122 522 posteaquam
1109 463 1208 524 ipse

115 525 287 609 succepit,
314 525 370 608 qui
397 546 431 588 se
460 523 619 607 audirent,
647 524 775 588 bebere.
820 524 913 590 Unde
935 529 1045 590 autem
1069 528 1200 593 subito

166 616 259 678 vetus
291 610 468 676 Academia
498 615 648 676 revocata
678 612 751 676 est?
799 612 951 678 Nominis
983 614 1198 698 dignitatem

166 701 306 783 videtur,
333 723 407 765 cum
434 723 455 764 a
475 721 511 764 re
533 701 606 784 ipsa
631 699 835 783 descisceret,
864 701 1002 766 retinere
1025 703 1230 787 voluisses

167 789 252 874 quod
284 793 376 854 erent
403 789 459 872 qui
489 788 584 851 illum
616 788 739 874 gloriae
768 811 866 853 causa
896 790 1003 854 facere
1033 790 1198 857 dicerent

167 880 352 962 sperantem
382 875 452 941 fore
478 881 516 940 ut
542 877 580 958 ii,
611 878 667 960 qui
694 898 728 940 se
756 882 978 961 sequerentur,
1008 877 1197 944 Antiochii

164 969 365 1031 vocarentur.
415 963 498 1028 Mihi
524 968 632 1028 autem
658 966 763 1050 magis
786 964 914 1030 videtur
934 987 1001 1030 non
1030 970 1195 1049 potuisse

167 1054 328 1118 sustinere
350 1074 541 1117 concursum
564 1053 708 1117 omnium
730 1053 1007 1137 pbilosophorum.
1043 1054 1193 1120 Etenim

166 1141 205 1205 de
246 1141 361 1206 ceteris
398 1144 474 1204 sunt
515 1141 602 1204 inter
636 1140 710 1205 illos
746 1163 812 1207 non
851 1142 943 1206 nulla
979 1145 1237 1226 communia31o

165 1229 245 1293 hsec
276 1227 544 1293 Academicorum
580 1232 630 1293 est
660 1251 725 1294 una
760 1231 933 1313 sententia,
969 1252 1067 1314 quam
1105 1233 1191 1297 reli·

166 1339 311 1418 quorum
333 1316 602 1418 philosophorum
633 1339 730 1382 nemo
756 1317 882 1401 probet
933 1317 1047 1403 Itaque
1070 1320 1191 1404 cessit,

166 1409 200 1469 et
226 1405 311 1468 ut
289 1428 326 1489 11,
348 1407 403 1489 qui
430 1405 491 1469 sub
512 1404 545 1470 N
547 1427 617 1470 οιιι
640 1405 743 1470 solem
764 1427 832 1470 non
859 1405 982 1490 fenmt,
1008 1407 1089 1470 item
1112 1407 1190 1487 ille,

133 1515 238 1560 ·cum
261 1496 441 1578 aestuaret,
463 1497 621 1578 veterum,
643 1498 681 1558 ut
702 1492 960 1577 Macrianorum,
983 1493 1030 1558 sic
1052 1494 1187 1560 Acade·

113 1598 145 1648 ιι
165 1583 323 1646 micorum
354 1582 502 1647 umbram
535 1545 663 1647 secutus
694 1585 753 1646 est.
805 1544 960 1666 Quoque
970 1582 1099 1647 solebat
1128 1586 1186 1648 uti
1203 1612 1231 1653 ιι

165 1674 356 1756 argumento
378 1674 462 1748 tum,
489 1691 562 1734 oum
584 1671 615 1734 ei
639 1669 789 1753 placebat
810 1669 895 1734 nihil
922 1692 1020 1753 posse
1043 1672 1185 1756 percipi,

165 1781 238 1824 oum
277 1763 460 1843 quaereret,
502 1757 691 1841 Dionysius
721 1758 777 1821 ille
816 1756 1024 1822 Heracleotes
1064 1761 1185 1825 utrum

165 1847 460 1931 comprehendisset
482 1849 571 1910 certa
597 1847 655 1910 illa
676 1849 771 1928 note,
801 1867 866 1929 que
887 1845 1045 1910 adsentiri
1068 1846 1183 1912 dicitis

165 1939 328 2019 oportere,
354 1933 491 2016 illudne,
517 1933 602 2017 quod
625 1934 745 1998 multos
768 1955 870 1998 annos
893 1936 1051 2000 tenuisset
1073 1934 1182 2002 Zeno-

164 2024 261 2107 nique
288 2023 446 2107 magistro
474 2021 674 2104 credidisset,
700 2023 873 2087 honestum
905 2022 991 2106 quod
1013 2028 1112 2107 esset,
1143 2025 1181 2088 id
1197 2051 1224 2090 ιο

164 2112 286 2176 bonum
314 2110 418 2176 solum
445 2131 529 2193 esse,
561 2132 615 2195 an,
647 2109 732 2194 quod
758 2113 873 2194 postea
905 2109 1182 2196 defensitavisset,

163 2199 294 2264 honesti
316 2200 412 2262 inane
438 2219 557 2263 nomen
579 2220 662 2281 esse,
688 2198 889 2282 voluptatem
920 2220 991 2262 esse
1014 2221 1182 2265 summum

165 2288 299 2352 bonum:
318 2287 373 2371 qui
390 2309 430 2351 ex
446 2287 535 2351 illius
553 2290 752 2352 commutate
770 2287 932 2352 sententie
948 2285 1062 2352 docere
1076 2289 1181 2353 vellet

164 2375 249 2440 nihil
270 2376 317 2440 ita
338 2376 461 2460 signari
482 2375 518 2439 in
540 2376 656 2439 animis
678 2375 837 2439 nostrisa
859 2395 935 2439 vero
957 2397 1066 2458 posse,
1089 2378 1180 2460 quod

164 2485 232 2530 non
261 2465 371 2530 eodem
407 2463 503 2530 modo
534 2467 645 2547 posset
680 2486 700 2526 ιι
729 2462 828 2542 falso,
858 2463 887 2527 is
920 2463 1058 2546 curavit,
1089 2467 1179 2548 quod
1193 2490 1231 2530 ιιι

166 2556 392 2636 argumentum
411 2575 450 2616 ex
467 2551 628 2635 Dionysio
646 2552 716 2634 ipsc
735 2551 937 2635 sumpsisset,
960 2573 998 2616 cx
1016 2574 1055 2616 eo
1076 2555 1179 2618 ceteri
1229 2583 1230 2619 ι

166 2646 338 2705 sumerent
374 2639 437 2704 Sed
459 2662 532 2706 cum
554 2640 617 2705 boc
639 2640 704 2704 ulio
726 2639 798 2704 loco
820 2637 928 2722 plura,
954 2661 1041 2704 nunc
1064 2640 1105 2704 ad
1129 2663 1177 2724 ea,
1228 2671 1229 2713 ι

165 2750 246 2812 quae
270 2751 290 2792 a
310 2732 357 2812 te,
379 2727 525 2812 Luculle,
548 2729 739 2793 dictasunt.
1227 2739 1228 2807 ι

113 2802 154 2866 23
252 2815 298 2880 Et
319 2817 471 2901 primum,
498 2779 584 2900 qbod
610 2816 706 2880 initio
733 2815 858 2897 dixisti,
884 2815 1049 2880 videamus
1078 2818 1177 2900 quale
1225 2829 1227 2901 l

113 2881 222 2989 72ιιι,
253 2905 402 2969 similiter
433 2928 453 2970 ι
483 2904 579 2969 nobis
609 2905 649 2968 de
681 2902 822 2987 antiquis
854 2902 1058 2987 philosophis
1091 2927 1176 2970 com
1190 2911 1226 2995 ιιι

164 2993 349 3075 memorari,
380 2995 475 3078 atqm
504 2992 649 3057 seditiosi
679 2991 821 3056 solerent
852 2991 958 3056 cleros
987 2993 1091 3076 viros,
1120 2994 1176 3058 sed

164 3086 274 3146 temen
312 3081 484 3164 populares
520 3080 645 3165 aliquos
681 3079 857 3145 nominare
919 3078 973 3142 llli
1014 3102 1089 3144 cum
1125 3103 1175 3146 res

164 3191 266 3234 novas
297 3173 456 3250 tractent,
487 3168 610 3232 similes
641 3168 800 3232 bonorum
828 3167 930 3232 videri
957 3168 1085 3252 volunt,
1114 3191 1174 3234 nos

165 3261 274 3322 eutem
292 3277 331 3320 ee
353 3256 488 3322 dicimus
502 3256 599 3322 nobis
615 3256 731 3339 videri,
752 3277 835 3340 quae
852 3259 978 3320 vosmet
1000 3256 1066 3340 ipsi
1082 3257 1173 3322 nobi·

164 3346 297 3409 lissimis
319 3343 523 3428 philosophis
549 3344 710 3427 placuisse
732 3343 915 3408 conceditis.
960 3343 1173 3430 Anaxagoras
1186 3369 1209 3414 ιι

164 3434 272 3497 nivem
298 3433 427 3518 nigram
459 3431 540 3496 dixit
567 3453 645 3496 esse.
701 3430 813 3495 Ferres
845 3453 908 3514 me,
942 3433 970 3495 si
1000 3453 1061 3518 ego
1089 3435 1173 3499 idem

165 3519 325 3587 dicerem?
369 3519 432 3604 Tu,
454 3541 495 3584 ne
518 3519 547 3582 si
574 3519 754 3584 dubitarem
776 3519 913 3601 quidem.
959 3520 1006 3584 At
1028 3522 1101 3604 quis
1125 3528 1172 3588 est
