2538 3956
323 209 390 264 LIB.
409 209 456 264 IV.
485 208 561 264 OAP.
582 215 668 264 6-8.
696 215 711 274 5
732 215 852 264 12-18,
1027 209 1091 273 397

77 374 229 438 tionem
249 376 370 453 autem,
395 393 492 456 quam
511 373 546 436 in
565 372 669 436 omnis
688 371 892 436 definitiones
913 372 1092 454 superiores

77 461 286 544 inclusimus,
307 460 424 526 volunt
446 482 516 525 esse
539 460 726 525 inbecillam
750 459 984 525 adsensionem.

151 549 214 614 Sed
233 549 371 633 singuiis
390 548 689 632 perturbationibus
708 553 817 632 partes
836 547 979 613 eiusdem
1000 568 1092 632 gene·
1113 563 1146 609 10

79 638 128 702 ris
165 639 273 720 plures
310 637 524 720 subiciuntur,
565 640 602 700 ut
640 637 880 720 aegritudini
917 635 1093 700 invidentia

51 752 65 792 0
82 723 252 811 (utendum
271 729 321 789 est
340 725 423 790 enim
449 725 584 790 docendi
603 747 700 790 causa
720 726 819 789 verbo
839 725 944 789 minus
962 724 1094 806 usitato,

81 815 239 900 quoniam
257 813 463 878 1111110101
481 813 514 878 in
533 836 585 896 eo,
608 814 664 897 qui
685 813 820 894 invidet,
846 815 949 878 solum
969 813 1093 896 dicitur,

82 902 141 968 sed
160 903 259 966 etiam
277 902 312 966 in
331 923 383 986 eo,
406 901 458 966 cui
475 899 664 988 invidetur),
683 901 872 986 aemulatio,
892 902 1094 984 obtrectatio,

80 989 320 1074 misericordia,
348 1009 465 1072 angor,
492 990 611 1068 110110,
634 1012 774 1073 maeror,
802 1011 970 1072 aerumna,
993 989 1094 1073 dolor,

81 1079 283 1164 lamentatio,
302 1077 495 1159 sollicitudo,
514 1078 674 1162 molestia,
695 1077 882 1162 adflictatio,
903 1079 1094 1162 desperatio,

38 1168 165 1234 100101
188 1171 364 1253 quaesunt
386 1167 424 1230 de
447 1188 563 1252 genere
582 1167 703 1231 eodem.
741 1165 806 1232 Sub
825 1169 964 1231 metum
987 1170 1094 1231 autem

1 1295 2 1298 =
86 1256 234 1320 subiecta
263 1259 339 1339 sunt
367 1255 514 1340 pigritia,
542 1255 659 1340 pudor,
687 1258 806 1338 terror,
841 1256 954 1338 timor,
984 1277 1095 1340 pauor,

86 1345 298 1429 exanimatio,
337 1344 555 1426 conturbatio,
588 1343 740 1426 formido,
776 1343 971 1429 voluptati
1005 1345 1095 1408 mali-

84 1433 230 1498 volentia
259 1434 384 1498 laetans
415 1432 502 1496 malo
535 1432 655 1516 alieno,
686 1431 870 1515 delectatio,
902 1433 1033 1496 iactatio
1063 1437 1095 1496 et

83 1522 214 1605 similia,
231 1520 404 1586 lubidini
417 1520 475 1604 ira,
489 1519 761 1604 excandescentia,
778 1519 896 1603 odium,
914 1519 1095 1602 inimicitia,

40 1638 68 1679 15
85 1610 261 1693 discordia,
290 1609 483 1694 indigentia,
506 1608 705 1675 desiderium
724 1613 757 1672 et
779 1611 885 1672 cetera
908 1609 976 1672 0110
999 1607 1106 1672 modis

151 1697 241 1763 Haec
271 1702 379 1763 autem
409 1697 564 1763 definiunt
593 1697 655 1762 hoc
687 1697 796 1762 modo:
833 1696 1095 1760 Invidentiam

84 1809 157 1853 0000
192 1786 303 1852 dieunt
329 1786 566 1871 aegritudinem
594 1789 777 1868 susceptam
804 1788 938 1868 propter
965 1785 1095 1849 alterius
1122 1844 1141 1906 8

83 1899 137 1941 100
161 1875 330 1958 00011100,
359 1897 441 1960 quae
468 1874 551 1938 nihil
578 1878 716 1939 noceant
743 1873 910 1938 invidenti.
959 1869 1044 1936 Nam
1068 1873 1096 1936 01
1116 1921 1148 1968 ,,

85 1963 142 2050 qui
169 1964 278 2029 doleat
305 1963 371 2028 0110
399 1964 495 2028 rebus
523 1962 684 2046 secundis,
712 1985 732 2026 a
761 1984 823 2046 quo
846 1963 916 2046 ipse
939 1961 1096 2042 laedatur,

41 2081 71 2121 00
84 2075 153 2118 non
174 2058 260 2118 recte
283 2053 408 2116 dicatur
430 2051 587 2134 inuidere,
613 2055 650 2115 11
673 2051 701 2115 01
723 2049 857 2115 Hectori
879 2049 1096 2134 Agamemno,

86 2141 143 2226 qui
162 2145 284 2224 autem,
306 2141 358 2206 cui
379 2141 512 2205 01101110
531 2140 701 2206 commoda
718 2139 801 2204 nihil
818 2141 966 2222 noceant,
988 2141 1097 2203 tamen

86 2251 161 2294 eum
179 2229 288 2294 doleat
309 2229 350 2294 iis
372 2228 451 2312 frui,
473 2229 502 2294 10
520 2229 665 2294 11111001
682 2229 836 2312 profecto.
877 2228 1096 2292 Aemulatio

87 2321 196 2382 autem
223 2317 393 2402 dupliciter
418 2317 477 2381 illa
504 2317 635 2402 quidem
662 2317 792 2401 dicitur,
818 2320 856 2380 ut
883 2319 915 2380 et
943 2316 977 2380 in
1002 2316 1097 2380 laude

88 2410 122 2471 et
148 2407 182 2470 in
210 2406 291 2470 vitio
318 2427 437 2470 nomen
463 2405 526 2469 hoe
549 2406 605 2487 sit,
636 2407 769 2468 namet
794 2404 936 2468 imitatio
966 2404 1097 2468 uirtutis

44 2521 72 2563 00
88 2495 264 2560 aemulatio
292 2494 409 2558 dicitur
437 2489 508 2578 (sed
536 2514 574 2558 ea
600 2491 683 2556 nihil
706 2492 861 2556 hocloco
885 2492 1018 2572 utimum
1049 2497 1099 2555 001

88 2583 175 2648 enim
197 2581 333 2668 laudis),
356 2585 390 2646 et
411 2583 462 2645 est
480 2581 656 2657 emulatio
680 2580 864 2664 aegritudo,
887 2579 916 2644 si
939 2601 990 2662 00,
1013 2580 1099 2662 quod

88 2670 301 2754 concupierit,
324 2670 406 2734 01110
429 2669 588 2753 potiatur,
610 2670 680 2752 ipse
699 2671 815 2733 careat.
852 2667 1098 2734 Obtrectatio

89 2763 198 2824 autem
222 2763 285 2841 est,
307 2780 346 2822 ea
368 2780 464 2842 quam
486 2757 635 2842 intellegi
658 2759 856 2840 ζηλοτυπίαν
879 2755 968 2839 1010,
993 2757 1097 2841 aegri-

88 2847 168 2912 tudo
187 2869 296 2930 exeo,
319 2845 404 2930 quod
423 2847 506 2910 alter
528 2867 653 2930 quoque
676 2846 822 2928 potiatur
845 2867 897 2928 eo,
920 2845 1006 2930 quod
1028 2847 1098 2929 ipse
1120 2857 1151 2906 18

46 2965 75 3005 00
89 2935 316 3019 concupiverit.
352 2933 622 3000 Misericordia
645 2937 695 2998 est
718 2934 886 3018 aegritudo
901 2957 945 2999 ex
967 2934 1098 2998 miseria

89 3024 224 3090 alterius
246 3023 366 3103 iniuria
393 3023 588 3104 laborantia,
616 3044 710 3088 nemo
735 3023 819 3088 enim
842 3021 1020 3107 parricidae
1044 3023 1100 3106 aut

88 3112 267 3197 proditoria
292 3111 449 3196 supplicio
474 3110 694 3176 misericordia
717 3113 948 3194 commovetur,
980 3129 1099 3193 angor

89 3201 258 3285 aegritudo
277 3222 436 3284 premens,
453 3199 581 3264 luctus
601 3199 768 3282 aegritudo
784 3221 823 3264 ex
841 3199 919 3277 0110,
937 3198 992 3282 qui
1006 3219 1098 3262 carus

88 3289 200 3363 fuerit,
237 3289 372 3354 interitu
389 3367 391 3371 .
408 3287 538 3370 acerbo,
574 3281 723 3352 maeror
764 3285 932 3371 aegritudo
972 3285 1099 3366 flebilis,

1 3417 2 3424 1
48 3399 272 3446 esaerumna
299 3376 467 3460 aegritudo
495 3374 672 3454 laboriosa,
701 3375 810 3440 dolor
838 3373 1006 3457 aegritudo
1030 3395 1098 3450 cru-

89 3465 193 3548 01110,
220 3464 449 3529 lamentatio
480 3464 648 3548 aegritudo
679 3485 750 3528 cum
784 3461 917 3544 eiulatu,
950 3461 1098 3526 solliei-

89 3553 183 3618 tudo
208 3552 377 3636 aegritudo
401 3574 473 3618 oum
492 3553 705 3636 cogitatione,
727 3549 908 3615 molestia
931 3549 1098 3634 aegritudo
