2552 3966
161 188 224 250 104
319 187 368 242 na
386 185 532 242 numus
549 163 729 242 nouorum
746 185 794 241 ar
813 184 999 241 nmoaun

158 353 215 418 aut
238 349 278 414 ad
299 352 451 415 naturam
469 353 526 414 aut
543 351 657 414 contra
676 348 733 430 sit,
755 352 910 414 enatura
929 348 1002 432 ipsa
1024 349 1170 418 iudicari.

157 438 207 504 lla
229 437 305 523 qnid
329 438 469 523 percipit
490 439 547 503 aut
570 436 647 524 quid
670 436 805 520 iudicat,
827 458 892 521 quo
916 440 974 502 aut
996 441 1089 524 petat
1111 443 1171 504 aut

105 539 137 586 31
158 526 264 613 fugiat
286 525 418 611 aliquid,
440 529 569 612 praeter
591 525 792 610 voluptatem
817 528 849 590 et
871 524 1039 591 dolorem?
1085 525 1172 592 Sunt

158 620 266 681 antem
298 615 430 700 quidam
461 635 478 680 c
510 615 645 698 nostris,
681 613 736 700 qui
772 613 852 678 haec
885 613 1036 680 subtilius
1067 616 1172 682 uelint

157 704 285 770 tradere
309 707 342 768 et
364 706 484 790 negent
503 703 582 768 satis
601 723 683 786 esse,
707 701 783 787 quid
801 701 924 768 bonum
947 703 991 768 sit
1012 707 1069 770 aut
1091 703 1201 788 quida
1269 759 1270 780 2

104 820 106 826 ·
157 792 294 875 malum,
324 813 419 857 sensu
446 791 595 876 iudicari,
627 790 683 856 sed
710 790 818 855 animo
847 789 946 856 ctiam
974 813 1011 856 oc
1043 793 1172 859 ratione
1256 807 1270 848 ·l

157 881 304 967 intellegi
331 902 426 962 posse
454 883 488 945 et
513 881 714 963 voluptatem
741 878 847 963 ipsam
873 900 931 964 per
959 901 992 946 se
1021 899 1091 946 esse
1116 903 1171 946 ex·

156 969 330 1055 petendam
358 973 391 1034 et
419 969 563 1036 dolorem
590 968 698 1052 ipsum
724 989 785 1052 per
812 989 846 1034 se
875 989 944 1034 esse
972 967 1171 1054 fugiendum.

155 1057 270 1143 Itaque
297 1059 389 1124 aiunt
413 1057 497 1122 hanc
523 1056 617 1141 quasi
645 1056 827 1122 naturalem
851 1059 947 1142 atque
976 1057 1109 1124 insitam
1134 1057 1170 1123 in

157 1147 273 1212 animis
301 1145 422 1211 nostris
449 1145 556 1211 inesse
581 1145 763 1228 notionem,¹
788 1147 826 1210 ut
853 1144 991 1210 alterum
1017 1167 1215 1231 esseap·1o

156 1233 341 1320 petendum,
384 1234 521 1299 alterum
563 1232 800 1317 aspernandum
846 1234 1032 1300 sentiamus.
1099 1233 1170 1302 Alii

155 1327 277 1407 autem,
300 1321 416 1410 quibus
442 1343 502 1408 ego
526 1321 698 1406 assentior,
721 1343 794 1387 cum
818 1343 838 1389 a
859 1321 1063 1408 philosophis
1083 1344 1170 1390 com·

156 1411 303 1496 pluribus
326 1410 488 1495 permulta
506 1410 667 1493 dicantur,
690 1431 746 1475 cur
763 1431 823 1475 nec
841 1411 992 1496 voluptas
1014 1410 1050 1476 in
1071 1411 1170 1477 bonis

157 1500 201 1566 sit
230 1499 429 1565 numeranda
459 1521 519 1564 nec
549 1498 584 1564 in
615 1497 711 1564 malis
744 1497 850 1583 dolor,
885 1519 951 1564 non
980 1499 1169 1565 existimant

157 1593 306 1673 oportere
332 1588 468 1654 nimium
496 1608 556 1652 nos
584 1608 699 1652 causac
728 1587 902 1671 confidere,
929 1587 985 1652 sed
1013 1591 1046 1653 st
1074 1609 1170 1675 argu-
1184 1613 1213 1654 15

156 1677 365 1744 mentandum
384 1674 424 1743 at'
435 1678 584 1743 accurate
608 1675 828 1742 disserendum
847 1679 881 1742 ct
897 1675 1080 1742 rationibus
1094 1698 1170 1742 con·

125 1766 284 1885 Oquisitis
317 1765 356 1831 de
388 1765 554 1850 voluptate
582 1768 616 1828 at
644 1763 755 1828 dolore
783 1763 1013 1849 disputandum
1041 1768 1170 1850 putant.

105 1823 137 1948 {2
223 1853 286 1920 Sed
314 1857 351 1919 ut
377 1853 593 1937 perspicietis,
621 1853 704 1917 unde
731 1852 837 1919 omnis
863 1852 926 1918 iste
953 1856 1050 1918 natus
1079 1874 1169 1919 error

103 1930 109 1946 ³
157 1943 201 2008 sit
230 1943 433 2026 voluptatem
465 1941 685 2008 accusantium
720 1941 926 2026 doloremque
956 1941 1170 2025 laudantium,

154 2035 260 2096 totam
282 2052 350 2095 rem
369 2029 512 2113 aperiam
531 2037 631 2114 eaque
649 2029 736 2113 ipsa,
759 2051 840 2114 qnae
859 2029 900 2096 ab
920 2029 977 2095 illo
996 2029 1210 2096 inventorem
1271 2051 1272 2054 ’

155 2118 304 2184 veritatis
327 2123 361 2182 ct
386 2118 479 2202 qnasi
507 2117 684 2184 architecto
713 2118 829 2184 beatas
851 2118 937 2182 vitae
965 2117 1052 2185 dicta
1079 2122 1167 2204 sunt,

156 2206 331 2292 explicabo.
380 2205 483 2272 Nemo
512 2207 598 2272 enim
629 2206 735 2290 ipsam
766 2206 980 2291 voluptatem,
1006 2207 1083 2291 quia
1111 2229 1167 2274 vo-

155 2295 264 2380 luptas
292 2295 349 2378 sit,
376 2297 567 2379 aspernatur
599 2299 656 2359 aut
691 2295 844 2360 odit-aut
870 2294 970 2380 fugit,
1003 2294 1058 2360 sed
1090 2295 1170 2380 quia

156 2387 394 2468 consequuntur
421 2384 532 2470 magni
560 2382 687 2449 dolores
715 2403 787 2467 eos,
817 2383 873 2469 qui
899 2383 1024 2448 ratione
1054 2383 1168 2468 volup-

156 2477 257 2540 tatem
281 2472 371 2557 sequi
393 2473 553 2557 nesciunt;
578 2493 681 2558 nequa
700 2493 797 2555 porro
821 2471 992 2556 quisquam
1015 2476 1078 2551 est,
1109 2473 1168 2558 qni
1181 2499 1208 2538 aa

114 2585 116 2590 ·
156 2561 299 2627 dolorem
336 2562 457 2645 ipsum,
494 2561 570 2646 quia
601 2560 694 2625 dolor
727 2560 782 2644 sit,
819 2563 919 2643 amet,
955 2563 1167 2646 consectetur,

158 2649 293 2734 adipisci
316 2650 408 2731 velit,
431 2649 487 2715 sed
510 2650 586 2733 quia
606 2670 673 2714 non
690 2670 867 2732 numquam
885 2648 954 2714 eius
973 2648 1063 2713 modi
1084 2651 1167 2713 tem-

154 2758 235 2820 pora
260 2736 420 2820 incidunt,
447 2741 484 2802 ut
511 2736 621 2802 labore
649 2740 681 2801 et
709 2736 819 2802 dolore
842 2747 996 2822 magnam
1023 2736 1166 2822 aliquam

155 2829 290 2910 quaerat
319 2825 527 2909 voluptatem.
587 2824 634 2890 Ut
670 2825 756 2890 enim
788 2823 830 2890 ad
863 2825 999 2890 minima
1028 2825 1168 2909 veniam,

155 2914 227 2998 quis
253 2916 402 2980 nostrum
430 2913 695 2980 exercitationem
721 2913 824 2979 ullam
851 2913 997 2998 corporis
1030 2913 1167 2998 suscipit
1181 2939 1208 2978 ao

155 3001 367 3086 laboriosam,
398 3001 461 3068 nisi
493 3005 530 3068 ut
561 3001 683 3087 aliquid
720 3023 759 3067 ex
791 3002 1021 3068 accommodi
1057 3021 1166 3069 conse·

155 3090 294 3175 quatur?
323 3091 393 3174 quis
422 3094 530 3156 autem
557 3091 609 3156 vel
637 3112 710 3156 eum
736 3090 805 3156 inre
827 3089 1083 3175 reprehenderit,
1111 3091 1167 3176 qui

155 3179 190 3243 in
214 3201 252 3244 ea
274 3179 440 3264 uoluptate
463 3179 541 3245 velit
564 3201 648 3262 esse,
673 3200 771 3264 qnam
792 3177 875 3243 nihil
898 3178 1068 3245 molestiae
1091 3199 1167 3245 con·

48 3301 50 3304 ·
156 3271 324 3353 sequatur,
356 3268 409 3333 vel
438 3267 546 3351 illum,
579 3268 635 3351 qui
667 3267 813 3332 dolorem
845 3288 919 3332 eum
950 3265 1071 3353 fugiat,
1103 3288 1171 3354 quo.

103 3373 137 3422 33
157 3357 307 3440 voluptas
330 3355 422 3422 nulla
443 3355 611 3441 pariatur?
661 3355 707 3420 At
729 3376 804 3420 vero
834 3376 888 3420 eos
917 3358 950 3420 et
978 3375 1168 3421 accusamus
1181 3381 1207 3423 ss

158 3447 192 3507 et
209 3444 295 3511 iusto
315 3445 389 3510 odio
408 3443 617 3528 dignissimos
637 3443 795 3527 ducimuS,
818 3443 873 3528 qui
890 3443 1058 3509 blanditiis
1076 3465 1168 3528 prac-

158 3532 298 3596 sentium
339 3532 544 3615 voluptatum
586 3529 718 3597 deleniti
757 3536 854 3615 atque
891 3531 1051 3618 corrupti,
1086 3553 1168 3618 quos

6 3659 8 3747 w
