2544 3952
28 55 30 104 Ι
602 103 605 112 .

25 115 30 290 j
279 203 282 208 -
347 172 467 227 LIBMV
495 171 572 227 οιΡ.
593 179 663 226 12-
673 179 713 229 14.
743 179 849 240 ιιι-
817 179 898 229 -m
1063 173 1128 238 439

24 272 29 394 ι
119 335 281 400 humanus
314 339 422 399 autem
455 335 581 399 animus
614 335 781 418 decerptus
814 356 853 398 ex
884 337 991 398 mente
959 333 1130 400 tdivina

23 433 25 472 ι
119 445 195 488 eum
214 423 280 487 alio
297 423 389 488 nullo
407 423 472 486 nisi
491 445 563 487 eum
582 423 652 574 ipso
672 422 744 506 deu,
768 423 796 487 si
815 422 876 487 hoe
894 423 1014 487 fast
964 444 998 487 es
999 423 1129 507 tdietu,

22 519 25 556 3'
119 513 303 595 comparari
329 515 448 594 potest
497 511 597 576 Ηιι
567 511 688 662 t1gitur
716 511 744 576 si
771 515 821 575 est
848 511 1006 594 excultus,
1038 515 1071 576 et
1101 475 1129 577 si
1148 524 1181 572 39

21 605 22 624 ³
120 600 190 664 eius
215 601 299 664 acies
327 600 374 665 ιιι
396 602 508 664 curata
531 603 594 683 est,
620 603 657 663 ιιι
682 620 724 663 ne
751 603 935 665 caecaretur
958 561 1129 678 eriorihus,

91 687 158 753 sfit
190 687 334 771 perfecta
365 709 470 770 mene,
501 687 533 751 id
566 690 616 751 est
647 687 797 752 absoluta
828 687 929 765 ratio,
963 689 1047 772 quod
1080 692 1129 752 est

119 775 206 840 idem
228 775 340 840 virtus.
375 773 433 859 Et,
456 775 484 839 si
503 797 598 840 omne
620 775 750 840 beatum
769 778 831 860 est,
853 775 906 840 eui
925 775 1008 840 nihil
1031 774 1129 859 deest,

119 867 154 928 et
176 863 261 947 quod
285 864 319 927 in
339 885 397 928 suo
421 884 536 949 genere
556 863 720 947 expletum
739 867 835 947 atque
854 865 1051 928 cumulatum
1070 868 1128 948 est,

118 952 217 1036 idque
236 951 365 1017 virtutis
384 954 435 1016 est
456 951 634 1035 proprium,
657 955 741 1016 certe
761 972 871 1016 omnes
896 952 1024 1017 virtutis
1043 973 1127 1017 oom-

118 1046 213 1124 potes
244 1040 332 1104 beati
363 1042 446 1104 sunt.
497 1038 542 1103 Et
571 1039 634 1104 hoo
661 1039 790 1124 quidem
817 1039 898 1104 mihi
925 1062 997 1104 eum
1024 1039 1127 1106 Bruto

78 1155 105 1194 ιο
119 1127 286 1208 convenit,
308 1127 341 1191 id
360 1130 410 1192 est
428 1148 499 1191 eum
517 1127 707 1206 Aristotele,
725 1126 917 1211 Xenocrate,
938 1125 1128 1212 Speusippo,

13 1269 24 1294 ,
118 1215 304 1282 Polemone.
341 1212 404 1280 Sed
422 1215 503 1280 mihi
523 1215 672 1280 videntur
695 1215 794 1280 etiam
816 1216 1007 1282 beatissimi.
1044 1216 1127 1292 Quid
1147 1228 1180 1276 40

12 1305 16 1378 ἑ
118 1304 206 1368 enim
234 1304 323 1369 deest
351 1303 390 1368 ad
419 1304 512 1368 beate
539 1304 710 1368 vivendum
737 1305 780 1387 ei,
812 1305 866 1389 qui
897 1305 1030 1370 confidit
1062 1307 1128 1370 suis

118 1391 236 1457 bonis?
265 1395 334 1475 aut,
362 1392 416 1478 qui
440 1391 569 1473 diffidit,
596 1392 711 1457 beatus
735 1413 827 1458 ιιιι
821 1393 884 1476 qui
906 1396 966 1478 pot
968 1397 1016 1458 es
951 1393 1037 1458 ἰ
1082 1393 1128 1457 At

118 1480 245 1545 diffidat
266 1502 397 1545 neeesse
420 1483 482 1564 est,
510 1479 589 1580 qui·
592 1480 678 1548 bona
706 1480 822 1545 dividit
847 1480 1020 1564 tripertio.
1066 1481 1128 1558 Qu
1140 1478 1182 1541 14

77 1596 104 1636 15
120 1570 204 1634 enim
232 1569 354 1652 poterit
383 1571 439 1633 aut
465 1567 607 1651 eorporis
630 1569 784 1633 firmitate
808 1571 865 1633 aut
891 1569 1115 1634 fortunae
1064 1574 1128 1634 s

8 1673 17 1738 θ
118 1657 248 1723 bilitate
271 1654 451 1722 confidere?
495 1655 541 1719 At
527 1657 597 1739 tqui
624 1657 687 1721 uisi
716 1656 826 1721 stabili
854 1660 887 1720 et
915 1659 977 1723 fixo
1001 1662 1033 1722 et
1058 1679 1128 1740 per-

118 1748 270 1810 manente
300 1746 382 1811 bono
410 1745 486 1809 beat
471 1747 524 1809 tus
552 1765 621 1810 esse
648 1766 743 1810 nemo
770 1747 886 1829 potest.
936 1744 1021 1821 Quid
1051 1767 1127 1830 ergo

118 1834 186 1898 eius
211 1833 299 1898 modi
322 1833 461 1898 istorum
484 1831 555 1897 est?
578 1837 615 1896 ιιι
601 1832 730 1896 tmihi
742 1831 879 1898 Laconis
903 1833 984 1897 illud
1007 1833 1073 1898 diet
1058 1837 1127 1898 tum

118 1923 153 1986 in
170 1922 231 1986 hos
251 1921 364 1986 eadere
382 1921 537 2004 videatur,
555 1921 611 2006 qui
628 1920 785 2006 glorianti
804 1920 931 1986 cuidam
947 1924 1128 2005 mercatori,

78 2009 207 2094 eoquod
228 2010 348 2074 multas
371 2010 464 2074 nevis
492 2009 527 2072 in
550 2029 677 2074 omnem
700 2030 792 2073 oram
815 2010 1011 2074 maritimam
1037 2010 1127 2075 dimi-

5 2097 11 2180 J
119 2099 228 2181 sisset,
252 2096 352 2162 ‘Non
375 2119 467 2162 sane
490 2097 678 2181 optabilis
704 2097 784 2161 ista
806 2095 987 2180 quidem',
1014 2098 1128 2182 inquit,

5 2191 9 2198 '
119 2186 364 2251 ‘rudentibus
389 2188 479 2269 apta
500 2183 678 2250 fortuna'
723 2184 776 2250 An
803 2185 936 2250 dubium
960 2190 1021 2268 est
1049 2187 1129 2271 quin

100 2274 203 2340 nihil
222 2275 267 2339 ait
288 2272 500 2338 habendum
490 2295 523 2337 ιιι
543 2295 582 2338 eo
605 2293 735 2357 genere,
758 2295 821 2357 quo
839 2274 887 2338 vit
889 2296 908 2338 a
873 2275 1025 2339 theate
1043 2297 1128 2340 eom·

118 2362 259 2447 plentur,
279 2385 307 2426 ιι
298 2362 358 2426 id
376 2362 481 2444 possit
499 2365 579 2425 amrt
555 2361 629 2426 tti?
669 2359 762 2426 Nihil
780 2361 867 2424 enim
890 2362 1128 2450 interareseere,

78 2451 202 2518 anihil
230 2449 341 2514 extino
319 2449 387 2535 gui,
418 2449 501 2551 nihil
529 2448 642 2514 eadere
669 2449 765 2513 debet
792 2470 916 2532 eorum,
947 2450 981 2513 in
1011 2413 1128 2534 quibui
1259 2459 1261 2522 J

117 2540 188 2605 vita
214 2539 312 2603 beata
339 2537 498 2604 consistit.
475 2537 633 2602 tNam
661 2537 715 2622 qui
742 2537 886 2614 timebit,
916 2558 957 2601 ne
985 2539 1062 2622 quid
1089 2560 1128 2602 ex
1257 2525 1260 2598 ι

117 2627 169 2693 his
193 2626 361 2710 deperdat,
383 2627 459 2691 beat
445 2629 498 2690 tus
517 2647 586 2690 esse
604 2647 672 2690 non
693 2627 752 2709 pot
753 2626 823 2690 erit.
800 2623 1017 2690 tVolumus
1041 2627 1127 2690 enim
1146 2639 1179 2687 41

119 2737 206 2799 eum,
243 2715 298 2799 qui
334 2714 411 2780 beat
397 2718 450 2779 tus
483 2713 539 2796 ιιι,
575 2716 681 2778 tutum
713 2735 796 2796 esse,
832 2714 1128 2798 inexpugnabilem,
1255 2715 1256 2718 ’

118 2807 268 2888 saeptum
296 2806 392 2886 atque
419 2802 593 2885 munitum,
624 2823 689 2867 non
720 2805 758 2866 ut
788 2823 889 2885 parvo
917 2807 1004 2867 metu
1036 2825 1127 2886 prae·
1253 2809 1256 2889 ι

78 2917 104 2958 ιο
118 2892 205 2957 ditus
230 2892 287 2975 sit,
311 2890 365 2955 sed
388 2893 425 2955 ut
446 2889 545 2955 nullo.
590 2888 637 2954 Ut
661 2889 746 2954 enim
776 2890 929 2956 innocens
952 2890 981 2954 is
1004 2890 1128 2974 dieitur,
1253 2895 1255 2902 ’

117 3001 183 3045 non
211 2980 267 3064 qui
294 2978 411 3044 leviter
437 2981 544 3062 nocet,
572 2978 628 3042 sed
655 2979 709 3080 qui
736 2977 818 3043 nihil
844 2981 952 3062 nooet,
924 2979 1025 3043 tsio
1059 2981 1128 3044 sine
1251 2903 1255 3055 ι

117 3071 208 3134 metu
230 3069 258 3132 ιι
282 3067 447 3132 habendus
472 3071 534 3150 est,
557 3087 623 3130 non
646 3067 700 3149 qui
722 3088 824 3150 parva
843 3071 908 3130 met
910 3029 970 3145 ιιιι,
943 3067 1050 3132 tsed
1073 3068 1128 3152 qui

118 3156 251 3222 omnino
284 3159 373 3220 metu
405 3157 506 3219 ιιιιι.
562 3153 651 3230 Quae
679 3158 729 3218 est
756 3154 841 3219 enim
874 3155 939 3219 alia
969 3155 1128 3221 fortitudo

116 3245 181 3318 nisi
209 3243 310 3309 animi
338 3242 454 3308 adfeet
429 3245 476 3307 ιιο
505 3264 577 3308 eum
609 3242 643 3307 in
672 3242 820 3307 adeundo
852 3243 997 3344 periculo
1029 3249 1062 3309 et
1094 3245 1129 3308 in

77 3358 103 3400 ιι
117 3334 229 3398 labore
251 3354 290 3397 ao
313 3331 424 3396 dolore
421 3333 503 3482 pat
504 3331 588 3413 iens,
614 3333 685 3395 tum
707 3331 819 3414 procul
842 3333 883 3396 ab
907 3332 995 3432 omni
1018 3335 1084 3397 met
1071 3332 1128 3396 tu?

117 3419 225 3504 Atque
256 3420 337 3485 haee
368 3421 454 3484 eerte
484 3441 550 3484 non
578 3381 629 3482 ita
661 3440 696 3482 se
730 3419 901 3503 haberent,
933 3419 996 3484 nisi
1033 3441 1127 3485 omne
1147 3433 1180 3482 ιι

116 3509 270 3574 bonum'
261 3529 296 3572 m
313 3530 378 3573 una
401 3507 570 3572 honestate
590 3506 790 3574 consisteret
828 3507 889 3584 Qui
908 3512 1016 3573 autem
1036 3507 1128 3572 illam
