2564 3952
323 193 389 248 ΜΒ,
408 193 429 248 1.
459 192 535 248 CAP.
556 199 678 260 ae-ar.
706 197 863 256 §vr-vc.
1032 193 1096 258 301

83 357 128 421 ob
158 376 292 440 eamque
320 375 451 420 causam
479 353 718 438 contemplandi
745 353 949 438 diligentiam
978 356 1097 420 amitti·

83 465 169 509 rnna.
201 443 315 527 Itaque
330 443 491 526 dubitans,
510 443 789 544 circumspectam,
807 441 980 526 haesitans,
994 445 1098 508 multa

11 551 12 584 1
86 532 225 596 adversa
251 553 400 596 reverens
428 531 631 614 tamquam
622 553 656 595 rn
678 531 781 595 rate
771 553 806 594 1n
837 532 919 594 mari
951 531 1097 596 inmenso

85 623 163 685 nost
164 642 200 684 ra
148 619 312 684 tvehit
298 624 350 684 tur
371 623 422 682 rat
423 620 464 684 io
501 617 563 684 Sed
581 619 662 683 haec
683 623 716 683 et
738 622 899 683 vetera
867 640 883 682 e
919 641 938 682 a
885 618 1097 684 Graecrs
1117 633 1176 711 74·-

58 706 171 774 aOato
205 712 261 773 aut
263 729 313 772 em
345 707 393 774 sic
429 707 510 772 abiit
544 729 561 770 e
592 708 641 772 vit
643 729 728 790 a,u
707 710 744 770 ut
776 728 907 772 causam
939 707 1098 772 moriendi

87 801 220 864 nactum
244 817 278 859 se
301 817 371 860 esse
402 795 565 896 gauderet
610 794 710 860 Vetat
737 795 822 859 enim
850 796 1020 860 dominans
1042 796 1098 860 ille

11 935 12 954 2
87 885 123 948 in
149 884 244 949 nobis
272 883 387 948 deus'
377 884 502 948 miussu
529 883 607 948 hinc
634 905 693 948 nos
718 905 776 948 suo
800 883 995 968 demigrare,
1025 905 1098 948 cum

11 1045 13 1050 ¹
88 994 164 1037 vero
183 994 313 1036 causam
332 973 452 1036 iustam
471 972 548 1036 deus
567 972 637 1055 ipse
655 970 792 1054 dederit,
814 976 851 1036 ut
868 976 945 1036 tunc
964 970 1098 1054 Socrati,

87 1081 172 1124 nunc
200 1057 330 1138 Catoni,
359 1081 453 1143 saepe
482 1060 605 1142 multis,
632 1081 671 1123 ne
700 1059 760 1124 ille
785 1060 908 1124 medius
931 1059 1024 1124 fidius
1047 1061 1098 1124 vir

46 1149 218 1232 insapiens
237 1149 339 1212 laetus
360 1169 398 1212 ex
416 1148 468 1212 his
492 1148 635 1212 tenebris
657 1148 692 1212 in
715 1148 820 1213 lucem
843 1148 933 1212 illam
956 1170 1096 1214 excesse-

88 1238 147 1320 rit,
168 1257 228 1301 nac
251 1237 359 1300 tamen
382 1237 439 1300 illa
457 1235 563 1300 vincla
582 1237 717 1300 carceris
740 1236 863 1320 ruperit
886 1235 987 1322 (leges
1012 1237 1098 1301 enim

10 1333 11 1360 ³
88 1321 228 1407 vetant),
261 1324 317 1388 sed
348 1328 516 1408 tamquam
548 1347 567 1388 a
599 1325 795 1408 magistratu
827 1329 883 1390 aut
914 1327 956 1390 ab
989 1325 1097 1410 aliqua

88 1416 251 1496 potestate
273 1413 434 1513 legitima,
462 1413 509 1476 sic
537 1435 557 1476 a
583 1412 642 1477 deo
666 1418 816 1478 evocatus
842 1417 939 1497 atquc
962 1415 1097 1478 emissus

10 1507 11 1514 ’
69 1501 211 1565 exierit.
188 1499 340 1566 tTota
362 1500 449 1564 enim
472 1500 742 1584 philosophorum
765 1502 847 1584 vit,a
874 1506 911 1565 ut
933 1502 990 1570 ait
1003 1502 1097 1585 idern,

48 1618 75 1657 15
89 1589 318 1655 commentatio
350 1588 464 1654 mortis
497 1592 555 1654 est.
611 1588 698 1654 Nam
730 1589 806 1674 quid
838 1552 924 1653 'aliud
961 1589 1087 1674 agimus
1107 1561 1148 1626 31

89 1699 161 1742 cum
189 1699 209 1740 a
234 1679 414 1761 voluptate,
442 1676 475 1740 id
502 1682 553 1741 est
580 1701 600 1742 a
628 1698 774 1760 corpore,
802 1699 873 1741 cum
900 1699 919 1740 a
942 1699 976 1740 re
1003 1640 1098 1741 fami⁷
1117 1639 1150 1687 ⁷⁵

88 1766 175 1848 liari,
198 1787 279 1849 quae
303 1769 352 1830 est
374 1765 524 1830 ministra
547 1770 580 1829 et
601 1765 725 1829 famula
744 1753 901 1848 corporis,
925 1788 997 1829 cum
1020 1789 1040 1829 a
1062 1787 1097 1830 re

88 1853 232 1937 publica,
274 1875 347 1917 cum
384 1875 404 1917 a
435 1855 567 1954 negotio
600 1853 689 1918 omni
727 1875 914 1918 sevocamus
945 1855 1097 1937 animum,

89 1941 211 2027 quid,
202 1963 347 2024 mquam,
369 1945 439 2005 tum
464 1942 602 2026 agimus,
605 1995 608 1998 .
625 1941 690 2006 nisi
713 1942 856 2006 animum
876 1941 916 2006 ad
938 1965 971 2007 se
990 1942 1098 2026 ipsum

48 2058 75 2098 ao
89 2030 296 2112 advocamus,
320 2050 428 2094 secum
448 2051 518 2094 esse
537 2030 683 2115 cogimus
707 2030 908 2132 maximeque
926 2053 946 2095 a
964 2046 1097 2115 corpore

89 2117 299 2183 abducimus?
328 2116 498 2182 Secernere
513 2123 620 2183 autem
635 2141 655 2182 a
668 2140 800 2203 corpore
816 2120 960 2184 animum
970 2120 1097 2204 ecquid-

88 2228 165 2271 nam
188 2205 276 2269 aliud
299 2210 343 2270 est
363 2207 427 2270 atsi
446 2207 530 2286 mori
552 2207 695 2272 discere?
732 2207 837 2284 Quare
859 2208 921 2274 hoc
939 2229 1097 2273 commen·

88 2300 207 2377 temur,
229 2293 311 2357 mihi
334 2293 439 2376 crede,
462 2277 747 2396 disiungamusque
770 2318 830 2361 nos
854 2319 874 2360 a
897 2297 1098 2398 corporibus,
1146 2314 1148 2322 ’

89 2381 199 2448 idest
226 2403 470 2458 consuescamus
499 2383 590 2447 mori.
640 2383 726 2465 Hoc,
755 2388 787 2447 et
818 2385 892 2447 dum
921 2385 1039 2448 crimus
1063 2385 1098 2448 in

48 2471 198 2549 saterris,
225 2471 287 2534 erit
313 2469 361 2533 illi
389 2471 522 2535 caelesti
544 2471 630 2550 vitae
653 2471 773 2553 simile,
801 2476 929 2535 etcum
957 2471 1035 2535 illuc
1059 2493 1097 2536 ex
1176 2503 1179 2508 Δ

88 2558 139 2623 his
167 2557 282 2622 vinclis
310 2558 420 2622 emissi
447 2557 602 2640 feremur,
635 2559 740 2622 minus
773 2557 963 2623 tardabitur
985 2581 1096 2624 cursus

89 2647 276 2711 animorum.
321 2645 407 2710 Nam
430 2647 484 2730 qui
508 2648 542 2711 in
566 2646 773 2730 compedibus
803 2647 946 2730 corporis
970 2668 1098 2731 semper

9 2738 17 2852 ,‘
88 2735 229 2817 fuerunt,
257 2733 355 2799 etiarn
382 2755 454 2798 cum
478 2735 577 2800 soluti
601 2739 689 2817 sunt,
718 2735 841 2800 tardius
865 2735 1096 2820 ingrediuntur,

9 2859 11 2912 ,
88 2825 125 2886 ut
150 2823 187 2906 ii,
221 2822 277 2906 qui
303 2822 390 2887 ferro
416 2823 518 2887 vincti
546 2825 665 2888 multos
699 2845 800 2888 annos
832 2823 970 2888 fuerunt.
1025 2823 1095 2900 Quo

9 2917 11 2958 t
46 2938 74 2980 ao
88 2931 160 2976 cum
191 2909 386 2993 venerimus,
418 2914 488 2975 tum
522 2910 658 2995 denique
689 2913 843 2977 vivemus.
897 2911 984 2978 Nam
1016 2913 1096 2976 haec

12 3039 17 3051 ·
87 2998 217 3152 qgidegr
248 2998 316 3062 vita
347 3019 434 3063 mors
469 3003 530 3086 est,
561 3021 658 3083 quam
690 3001 863 3066 lamentari
894 3022 1037 3084 possem,
1067 3001 1096 3064 si

100 3107 211 3152 rere.

151 3175 192 3239 A.
220 3171 307 3239 Satis
325 3177 363 3239 tu
381 3174 510 3258 quidem
529 3175 563 3238 in
582 3173 812 3242 Consolatione
832 3198 865 3242 es
884 3178 1094 3261 lamentatus3
1116 3198 1148 3247 vc

88 3285 184 3348 quam
207 3284 280 3328 cum
302 3262 390 3347 lego,
412 3261 496 3328 nihil
520 3263 604 3327 malo
629 3285 726 3348 quam
749 3265 807 3329 has
831 3285 883 3328 res
906 3265 1095 3347 relinquere,

47 3378 74 3420 aa
63 3351 139 3416 his
162 3373 237 3417 vero
260 3350 356 3416 modo
381 3349 480 3415 audit
456 3354 498 3416 trs
522 3351 625 3416 multo
607 3353 763 3437 omagis.

151 3445 196 3504 M.
219 3433 336 3504 Veniat
361 3442 503 3522 tempus,
536 3443 568 3503 et
595 3439 723 3523 quidem
755 3440 911 3521 celeriter,
947 3441 1014 3504 sive
1046 3461 1094 3504 re·

87 3532 169 3593 trtac
155 3527 241 3592 tabis
270 3528 337 3592 sive
364 3527 568 3610 properabis3
597 3527 685 3593 volat
707 3528 791 3592 enirn
815 3531 924 3648 aetas*
953 3527 1093 3592 Tantum

862 3617 899 3665 20
