2574 3956
372 239 438 293 ΜΒ.
457 237 480 292 1.
507 235 731 293 carno-12.
757 243 772 304 ξ
791 243 913 292 35-41.
1082 237 1146 300 107

133 400 266 464 modum
290 401 333 466 eit
356 400 502 484 affectus,
526 421 599 464 eum
624 421 754 465 necesse
780 403 830 465 est
848 403 904 466 ant
924 400 961 466 in
975 401 1145 484 voluptate

133 509 205 552 esse
229 488 342 552 autin
366 488 485 554 dolore.
536 487 650 553 Omnis
677 491 786 554 autem
811 489 995 572 privatione
1025 489 1145 554 doloris

132 579 229 660 putat
264 575 425 664 Epicurus
464 577 633 641 terminari
666 598 825 642 summam
860 577 1073 660 voluptatem,
1109 580 1147 642 ut

132 667 248 747 postea
283 665 402 729 variari
437 665 587 749 voluptas
626 664 845 750 distinguique
881 666 998 750 possit,
1035 666 1147 750 augeri

91 777 105 817 a
134 753 388 838 amplificarique
418 774 484 818 non
515 754 627 837 possit.
681 752 728 817 At
754 754 853 819 etiam
880 754 1032 837 Athenis,
1059 757 1096 817 ut
1126 776 1199 824 aaa

132 843 227 924 patre
261 841 431 906 audiebam
462 841 566 906 facete
599 846 632 905 et
663 842 786 906 urbane
821 839 947 907 Stoicos
984 841 1146 926 irridente,

133 932 244 993 statua
276 933 326 996 cet
357 931 392 994 in
422 927 587 994 Ceramico
616 928 791 1014 Ohrysippi
827 929 973 995 sedentis
998 934 1147 1014 porrecta

133 1039 247 1102 manu,
275 1039 356 1102 quae
379 1039 495 1082 manue
520 1018 681 1102 significet
703 1014 794 1082 illum
818 1018 854 1082 in
875 1018 937 1083 hec
960 1039 1030 1083 esse
1053 1039 1145 1102 roga·

130 1103 278 1171 tiunoula
292 1106 506 1172 delectatum:
539 1105 791 1190 ‘Numquidnam
814 1128 928 1172 manus
951 1111 1010 1172 tua
1033 1107 1079 1172 sic
1102 1107 1146 1171 af-

90 1219 118 1259 ro
133 1193 232 1275 fecta,
261 1215 355 1278 quem
379 1193 420 1259 ad
443 1195 575 1259 modum
598 1195 715 1259 affecta
740 1215 827 1259 nunc
856 1199 918 1279 cst,
949 1194 1146 1260 desiderat?'

133 1319 177 1328 -
201 1281 295 1346 Nihil
323 1303 408 1347 sane.
435 1319 473 1330 -
500 1282 569 1366 ‘At,
597 1283 624 1346 si
651 1283 800 1370 voluptas
829 1288 915 1348 esset
937 1284 1071 1368 bonum,
1097 1284 1147 1348 de-

134 1369 313 1435 sideraret.2
337 1370 455 1435 —lta
477 1371 651 1445 credo-
675 1369 762 1435 ‘Non
789 1373 839 1436 est
865 1372 968 1455 igitur
995 1373 1147 1456 voluptas

133 1457 276 1523 bonum?
334 1458 406 1523 Hoc
442 1480 483 1524 ne
520 1462 662 1524 statuam
699 1459 827 1544 quidem
863 1460 1023 1524 dicturam
1054 1464 1149 1542 pater

135 1546 315 1630 aiebat,¹si
342 1547 430 1630 loqui
457 1551 578 1632 posset.
628 1545 824 1612 Conclusam
847 1550 898 1613 est
927 1547 1013 1613 enim
1035 1553 1149 1614 contra

91 1657 119 1700 ιε»
136 1633 330 1718 Cyrenaicos
359 1635 438 1700 satis
467 1639 572 1720 acute,
598 1634 694 1699 nihil·
710 1635 750 1700 ad
772 1635 958 1720 Epicurum.
1008 1634 1095 1701 Nam
1120 1640 1149 1702 si

135 1745 174 1786 ea
198 1723 268 1787 sola
290 1722 441 1806 voluptas
460 1726 558 1807 esset,
580 1744 663 1808 quae
686 1723 779 1808 quasi
800 1723 951 1788 titillaret
969 1745 1089 1803 censue,
1112 1730 1149 1790 ut

135 1813 183 1875 ita
213 1811 331 1894 dicam,
361 1810 457 1876 etad
488 1833 544 1877 eos
572 1833 644 1877 cum
668 1811 828 1876 suavitate
849 1811 1001 1894 ¹afflueret
1023 1816 1056 1876 et
1076 1814 1148 1877 illa-

135 1899 279 1981 beretur,
301 1919 361 1964 nec
379 1919 493 1965 manus
512 1921 581 1965 erse
601 1904 754 1965 contenta
775 1903 888 1983 posset
905 1921 965 1964 nec
982 1900 1051 1964 ulla
1070 1923 1147 1984 pars

135 1988 298 2052 vacuitate
316 1984 442 2053 'doloris
471 1989 541 2054 sine
567 1988 706 2054 iucundo
734 1992 823 2053 motu
850 1989 1040 2072 voluptatis.
1091 1989 1149 2056 Sin

93 2101 121 2141 ao
136 2078 245 2141 autem
269 2077 396 2141 summe
422 2075 572 2162 voluptas
600 2081 663 2162 est,
689 2081 728 2142 ut
749 2076 890 2161 Epicuro
916 2078 1036 2162 placet,
1065 2078 1149 2142 nihil
1180 2121 1183 2126 ι

136 2164 257 2242 dolere,
280 2164 420 2248 primum
443 2164 506 2230 tibi
528 2169 627 2251 recte,
657 2163 851 2250 Chrysippe,
879 2187 1068 2230 concessum
1090 2171 1149 2251 est,

134 2252 220 2317 nihil
244 2251 423 2318 desiderare
442 2275 587 2337 manum,
611 2276 682 2318 cunr
705 2255 752 2318 ita
776 2257 863 2318 esset
886 2255 1015 2337 affecta,
1038 2275 1149 2320 secun·

113 2340 214 2406 'dum
236 2363 302 2406 non
324 2345 423 2425 recte,
447 2342 475 2406 si
498 2343 649 2426 voluptas
672 2345 759 2406 esset
781 2341 915 2421 bonum,
944 2341 1043 2407 fuisse
1068 2343 1149 2408 desi-

137 2430 334 2494 deraturum:
377 2429 500 2495 Idcirco
524 2431 611 2495 enim
632 2452 699 2496 non
721 2428 934 2514 desideraret,
957 2431 1041 2514 quia,
1064 2432 1150 2516 quod

97 2543 123 2583 aa
138 2517 248 2583 dolore
272 2521 372 2601 caret,
396 2518 429 2582 id
452 2519 677 2603 inuoluptate
700 2523 758 2583 est.

204 2605 394 2670 Extremum
432 2611 540 2672 autem
578 2629 648 2673 esse
683 2607 844 2672 bonorum
875 2605 1077 2691 voluptatem
1112 2629 1150 2672 ex
1162 2587 1203 2712 1420

136 2694 200 2758 hoc
226 2693 380 2761 facillime
410 2696 550 2779 perspici
579 2698 700 2780 potest:
737 2693 981 2760 Constituamus
1008 2696 1150 2781 aliquem

138 2784 281 2867 magnis,
305 2782 431 2867 multis,
458 2786 620 2868 perpetuis
648 2785 809 2849 fruentem
839 2788 873 2849 et
896 2784 1002 2849 animo
1026 2789 1059 2849 et
1082 2807 1150 2849 cor-

137 2892 218 2955 pore
250 2871 472 2955 voluptatibus
503 2873 593 2938 nullo
627 2873 739 2938 dolore
771 2893 830 2936 neo
866 2873 1061 2956 impediente
1091 2895 1151 2938 nec

98 2984 125 3026 so
139 2960 362 3045 impendente,
390 2981 484 3045 quem
514 2960 644 3026 tandem
663 2961 733 3026 hoo
761 2963 848 3026 statu
872 2961 1150 3044 praestabiliorem

139 3051 196 3114 aut
217 3049 324 3132 magis
349 3049 562 3132 expetendum
582 3050 745 3134 possimus
769 3048 896 3114 dicere?
931 3049 1041 3114 Inesse
1064 3049 1150 3114 enim

137 3156 270 3202 necesse
291 3139 342 3200 est
364 3137 398 3200 in
422 3158 472 3221 eo,
503 3139 557 3222 qui
584 3139 631 3202 ita
661 3139 705 3202 sit
732 3139 878 3222 affectus,
909 3141 943 3202 et
965 3138 1151 3202 firmitatem

139 3225 240 3289 animi
262 3245 322 3290 noo
345 3228 484 3290 mortem
510 3248 571 3292 nec
597 3226 743 3292 dolorem
767 3227 926 3310 timentis,
954 3226 1040 3310 quod
1063 3248 1150 3291 mors

140 3334 237 3378 sensu
256 3317 378 3397 careat,
402 3314 496 3379 dolor
513 3316 548 3379 in
565 3314 804 3400 longinquitate
821 3315 916 3398 levis,
937 3315 972 3377 in
990 3314 1151 3399 gravitate

99 3425 126 3468 aa
139 3401 246 3467 brevis
280 3402 383 3467 soleat
416 3421 498 3488 esee,
530 3407 567 3468 ut
599 3405 667 3468 eius
699 3402 957 3488 magnitudinem
994 3401 1152 3486 celeritas,

140 3489 388 3556 diuturnitatem
418 3491 572 3557 allevatio
596 3493 787 3557 consoletur.
831 3490 883 3554 Ad
905 3512 943 3555 ea
966 3511 1038 3555 oum
1063 3511 1150 3554 acce·
1169 3510 1203 3558 41

140 3577 202 3663 dit,
229 3582 267 3644 ut
289 3600 392 3662 neque
415 3579 558 3645 divinum
580 3601 700 3644 numen
721 3580 855 3644 horreat
876 3599 935 3642 nec
958 3579 1150 3662 praeteritas
