2586 3950
361 191 428 246 LIB.
448 193 498 246 III.
526 191 602 246 CAP.
623 197 734 247 8-10:
756 199 771 257 ξ
790 197 912 250 28-33.
1079 193 1143 258 183

16 405 21 426 ,
133 353 286 418 ultimum
308 353 480 434 bonorum,
509 358 543 418 et
564 353 619 437 qui
641 353 766 418 nullam
793 375 901 418 rerum
928 354 1142 420 differentiam

122 461 205 506 -esse
228 442 390 526 dixerunt,
413 447 511 526 atque
533 442 581 505 ita
604 441 782 525 sapientem
805 441 937 506 beatum
959 440 1038 526 fore,
1059 443 1142 507 nihil

136 529 223 594 aliud
246 530 301 594 alii
323 533 488 595 momento
504 530 574 594 'ullo
599 532 861 613 anteponentcm,
888 534 917 594 ct
937 531 992 611 qui
1014 533 1051 594 ut
1073 531 1142 614 qui·

135 617 210 685 dam
234 617 419 682 Academici
442 617 647 683 constituisse
669 617 819 682 dicuntur
841 621 1019 682 extremum
1042 617 1141 682 bono·

105 725 208 770 arum
231 708 265 768 et
287 726 448 770 summum
470 727 587 770 munus
611 725 681 769 erse
703 705 858 790 sapientis
882 705 1040 770 obsistere
1063 706 1141 770 visis

134 812 348 878 assensusque
366 813 443 858 suos
466 794 558 858 firme
577 793 745 858 sustinere.
776 792 838 858 His
857 792 994 878 singulis
1013 794 1142 877 copiose

135 881 323 964 responderi
342 881 440 964 solet,
458 881 527 965 sed,
551 902 633 966 quae
655 880 826 966 perspicua
844 884 932 964 sunt,
954 882 1142 966 longa'esse

133 991 199 1033 non
227 967 353 1033 debent.
404 968 488 1045 Quid
517 973 626 1033 autem
655 969 798 1052 apertius
820 989 931 1053 quam,
960 970 988 1033 si
1011 969 1142 1034 selectio

134 1057 225 1121 nulla
257 1057 301 1121 sit
333 1057 374 1122 ab
405 1056 446 1120 iis
478 1057 591 1139 rebus,
623 1077 704 1140 quae
736 1059 850 1121 contra
880 1061 1032 1122 naturam
1066 1057 1142 1141 sint,

93 1171 121 1210 10
135 1167 245 1210 aarum
267 1165 389 1227 rerum,
419 1165 500 1228 quae
528 1145 595 1209 sint
617 1144 791 1210 secundum
818 1147 981 1227 naturam,
1009 1144 1143 1210 tollatur

125 1233 244 1297 omnis
276 1255 327 1316 ea,
366 1253 448 1316 quae
479 1234 654 1316 quaeratur
689 1231 913 1319 laudaturque,
948 1232 1142 1316 prudentia?

137 1319 396 1404 Circumscriptis
423 1320 524 1404 igitur
559 1320 599 1384 iis
633 1320 818 1401 sententiis,
849 1342 930 1404 quas
966 1321 1073 1405 posui,
1110 1324 1143 1384 et

135 1408 190 1486 iis,
213 1409 242 1473 si
265 1429 345 1492 quae
368 1408 492 1472 similes
516 1429 626 1472 aarum
648 1411 738 1490 sunt,
764 1409 970 1492 relinquitur,
998 1412 1035 1492 ut
1056 1429 1141 1473 sum·

134 1518 224 1561 mum
250 1497 373 1562 bonum
399 1496 444 1560 sit
458 1495 576 1560 'vivere
603 1495 773 1560 scientiam
801 1495 1007 1560 adhibentem
1032 1517 1142 1560 earum

95 1605 256 1666 ris-rerum,
278 1605 359 1668 quae
376 1587 493 1648 natura
512 1584 675 1665 eveniant,
699 1584 903 1667 seligentem,
926 1605 1006 1668 quae
1030 1605 1142 1648 secun·

134 1672 211 1737 dum
224 1676 385 1755 naturam,
405 1675 447 1755 et,
465 1692 547 1756 quae
561 1675 675 1737 contra
689 1675 840 1736 naturam
856 1671 931 1754 sint,
948 1671 1143 1754 reicientem,

134 1760 168 1824 id
199 1763 251 1826 est
281 1760 506 1826 convenienter
544 1763 821 1844 congruenterque
856 1763 991 1823 naturae
1027 1759 1142 1822 vivere.

135 1847 197 1912 Sed
237 1849 271 1912 in
311 1849 427 1913 ceteris
468 1847 592 1912 artibus
633 1869 705 1912 cum
747 1846 865 1912 dicitur
908 1845 1194 1930 artificiosam
1283 1887 1284 1890 =

119 1940 303 2020 ,posterum
325 1936 465 2021 quodam
488 1935 584 2001 modo
608 1937 642 1999 et
663 1955 859 2019 consequens
883 1933 1061 2018 putandum
1084 1938 1143 2016 est,

94 2049 121 2090 so
135 2024 220 2107 quod
246 2024 296 2088 illi
324 2019 620 2106 ἐπιγεννηματικόν
653 2023 832 2106 appellant3
864 2043 936 2086 cum
969 2025 1075 2086 autem
1108 2022 1143 2086 in

134 2133 198 2196 quo
225 2112 426 2196 sapienter
453 2111 601 2194 dicimus,
628 2110 663 2176 id
691 2133 710 2174 a
736 2110 842 2194 primo
865 2109 1142 2174 rectissime'dici·

132 2203 195 2265 tur.
246 2198 403 2284 Quicquid
430 2199 516 2263 enim
545 2199 733 2282 asapiente
755 2198 983 2282 proficiscitur,
1011 2197 1045 2261 id
1068 2218 1142 2262 con·

133 2288 227 2354 tinuo
250 2288 347 2351 debet
369 2287 535 2371 expletum
557 2308 628 2352 esse
651 2286 800 2351 omnibus
829 2287 894 2350 suis
919 2286 1080 2370 partibus,
1108 2285 1142 2348 in

136 2397 173 2441 eo
202 2375 288 2439 enim
314 2376 458 2459 positum
482 2375 602 2458 estid,
630 2372 717 2460 quod
741 2374 875 2438 dicimus
899 2395 969 2437 esse
992 2377 1141 2456 expeten-
1283 2387 1284 2446 l

94 2488 121 2528 ss
136 2462 219 2529 dum.
256 2461 343 2528 Nam
360 2466 398 2527 ut
416 2466 583 2546 peceatum
603 2467 653 2527 est
669 2461 810 2544 petriam
828 2460 972 2543 prodere,
992 2463 1141 2543 parentes
1283 2459 1284 2532 l

135 2552 271 2634 violare,
302 2552 381 2615 fana
412 2550 609 2634 depeculari,
641 2569 722 2632 quae
754 2551 830 2613 sunt
859 2548 895 2623 in
932 2548 1060 2630 effectu,
1096 2548 1142 2612 sic

133 2640 263 2723 timere,
286 2639 334 2703 sie
356 2659 513 2722 maerere,
536 2637 582 2702 sic
604 2637 640 2701 in
661 2635 794 2701 libidine
813 2657 883 2700 esse
901 2637 1069 2720 peccatum
1093 2640 1143 2699 est

136 2727 234 2792 etiam
266 2727 335 2790 sine
362 2727 486 2791 effectu.
529 2723 652 2790 Verum
679 2727 717 2787 ut
743 2723 824 2788 haec
845 2745 912 2788 non
939 2724 973 2787 in
1001 2723 1141 2807 postoris

48 2811 56 2826 ’
136 2819 169 2880 et
190 2815 226 2878 in
249 2814 534 2898 consequentibus,
562 2813 616 2877 sed
639 2812 809 2896 inprimis
833 2811 986 2899 continuo
1008 2813 1142 2894 peccata

94 2927 122 2967 eo
135 2906 224 2986 sunt,
247 2903 294 2966 sic
313 2924 364 2986 ea,
383 2923 465 2986 quae
483 2901 732 2985 proficiscuntur
751 2921 770 2963 a
788 2901 921 2983 virtute,
939 2898 1142 2982 susceptione

134 2993 253 3074 prima,
275 3012 341 3054 non
362 2989 558 3073 perfectione
580 2992 669 3052 recta
692 2991 767 3052 sunt
789 2987 967 3052 iudicanda.

201 3077 346 3147 Bonum
365 3082 489 3162 autem,
511 3077 597 3162 quod
614 3077 648 3140 in
667 3075 730 3140 hoc
748 3096 896 3142 sermone
912 3075 1033 3142 totiens
1051 3095 1141 3138 usur·

134 3170 249 3250 patum
267 3169 330 3248 est,
352 3165 386 3228 id
404 3165 502 3229 etiam
520 3164 708 3229 definitione
728 3164 914 3248 explicatur.
950 3161 1013 3226 Sed
1031 3182 1142 3225 eorum

27 3276 36 3288 ·’
134 3253 338 3318 definitiones
357 3254 489 3338 paulum
508 3250 628 3336 oppido
647 3251 734 3315 inter
755 3273 789 3316 se
812 3250 964 3315 differunt
982 3252 1015 3313 et
1033 3253 1143 3313 tamen

94 3365 121 3406 as
135 3342 254 3407 eodem·
275 3345 434 3425 spectant.
483 3339 557 3424 Ego
585 3340 742 3404 assentior
764 3337 918 3423 Diogeni,
943 3337 999 3421 qui
1020 3338 1142 3401 bonum

1154 3049 1195 3114 10

1160 3129 1194 3175 aa

109 3476 112 3481 ,
133 3427 296 3494 definierit
317 3428 363 3512 id,
386 3428 472 3512 quod
495 3431 581 3492 esset
602 3431 719 3491 natura
741 3427 935 3491 absolutum.
974 3423 1011 3490 ld
1034 3428 1143 3488 autem

134 3537 271 3600 sequens
298 3517 380 3581 illud
407 3517 520 3600 etiam,
548 3515 634 3598 quod
660 3514 828 3597 prodesset
855 3507 1027 3598 (ὠφέλημα
1057 3511 1142 3575 enim
