2564 3952
339 177 406 232 ΠΒ.
426 178 471 231 111.
501 177 576 232 ΟΑΡ.
598 182 705 246 raso.
734 183 890 243 §rr-49.
929 177 935 192 t
989 205 992 210 ·
1059 177 1125 243 375

109 338 345 424 ‘Saporem
368 339 484 423 inquit,
512 339 566 403 ‘et
593 360 795 423 corporum
825 341 1062 424 complexum
1088 344 1125 405 et

109 429 224 494 ludos
248 432 361 512 atque
385 431 521 493 cantus
541 430 578 492 et
595 427 739 493 formas
763 450 840 512 eas,
864 429 1002 513 quibus
1023 430 1124 493 oculi

109 517 277 581 iucunde
309 514 556 581 moveantur?
610 515 697 581 Num
729 517 831 603 fingo,
857 539 934 582 num
962 517 1124 582 mentior?

111 603 219 690 Cupio
250 604 367 669 refelli.
412 602 496 680 Quid
523 604 610 668 anim
637 605 763 689 laboro,
789 605 853 670 nisi
880 609 918 670 ut
943 605 1062 670 veritas
1088 607 1125 670 in

80 694 205 759 somni
224 694 413 778 quaestione
433 692 632 776 explicetur?
663 691 709 757 At
726 693 813 759 idam
832 694 880 758 ait
896 715 963 759 non
982 715 1123 759 cresccre
1142 707 1176 756 4⁶1

110 782 315 865 voluptatem
347 781 456 846 dolore
485 781 642 865 detracto,
674 803 895 867 summamque
924 782 1125 866 voluptatem
1202 781 1205 785 ’

111 891 177 936 esse
202 871 286 934 nihil
313 871 428 935 dolere.
473 869 590 934 Paucis
613 870 722 935 verbis
751 871 816 935 tria
842 892 962 956 magna
984 873 1123 955 peccata

112 957 238 1043 Unum,
266 959 351 1042 quod
378 979 485 1023 secum
512 958 583 1041 ipse
610 962 748 1043 pugnat3
777 958 872 1024 modo
902 960 987 1024 enim
1010 981 1050 1023 ne
1074 982 1124 1024 su-

113 1047 235 1130 spicari
258 1046 386 1132 quidem
405 1067 439 1110 sc
463 1047 633 1130 quicquam
656 1047 790 1130 bonum,
813 1048 878 1112 nisi
901 1069 1014 1112 sensus
1032 1049 1125 1131 quasi

69 1160 98 1199 m
113 1135 329 1199 titillarentur
355 1134 537 1218 voluptat03
569 1156 654 1199 nunc
684 1140 793 1200 autem
821 1158 980 1201 summam
1011 1137 1124 1219 volup-

113 1227 217 1288 tatem
242 1245 311 1288 esse
335 1223 446 1288 dolore
468 1244 586 1287 carere.
621 1221 775 1288 Potestne
794 1224 900 1310 magis
924 1246 1032 1289 secum
1054 1224 1125 1308 ipse

10 1383 12 1392 ,
112 1311 282 1397 pugnare?
331 1311 480 1376 Alterum
508 1314 688 1395 peccatum,
715 1312 815 1396 quod,
843 1334 916 1377 oum
945 1313 980 1377 in
1009 1315 1126 1378 natura

113 1401 179 1464 tria
203 1401 282 1479 sint,
304 1422 404 1464 unum
427 1399 578 1484 gaudere,
602 1399 740 1464 alterum
763 1401 885 1485 dolere,
912 1401 1044 1465 tertium
1066 1422 1125 1466 nec

114 1488 254 1574 gaudere
284 1509 344 1552 nec
376 1487 500 1570 dolere,
532 1487 585 1551 hic
621 1488 763 1570 primum
794 1492 828 1552 et
862 1489 996 1553 tertium
1029 1491 1126 1572 putat
1191 1552 1194 1555 .

74 1602 100 1642 15
114 1577 201 1642 idem
229 1597 298 1642 esse
326 1599 386 1642 nec
414 1576 587 1661 distinguit
614 1597 633 1640 a
659 1598 727 1641 non
754 1576 890 1641 dolendo
918 1577 1125 1660 voluptatem.

115 1666 261 1731 Tertium
295 1668 461 1749 peecatum
489 1685 656 1730 commune
689 1686 761 1729 cum
793 1665 998 1749 quibusdam,
1031 1664 1126 1749 quod,

116 1775 189 1818 cum
220 1755 323 1818 virtus
356 1755 496 1818 maxime
531 1755 700 1837 expetatur
736 1754 865 1838 eiusque
902 1753 1125 1836 adipiscendae

116 1865 214 1908 causa
235 1841 444 1926 philosophia
467 1843 614 1926 quaesita
633 1843 690 1924 sit,
712 1842 769 1906 ille
788 1865 808 1906 a
826 1843 945 1907 virtute
965 1863 1125 1906 summum

115 1933 236 1996 bonum
260 1932 433 2015 separavit.
469 1931 516 1995 At
537 1930 650 1997 laudat
673 1951 770 2015 saepe
792 1931 955 1994 virtutem.
990 1929 1035 1995 Et
1058 1930 1124 2014 qui·
1143 1951 1178 2000 48

76 2046 103 2085 ao
117 2021 189 2084 dem
217 2017 251 2084 Ο.
274 2017 451 2102 Gracchus,
483 2040 556 2083 cum
590 2019 780 2104 largitiones
807 2020 965 2083 maximas
997 2017 1127 2083 fecisset

10 2047 14 2176 l
118 2111 151 2173 et
173 2107 337 2172 effudisset
360 2108 533 2190 aerarium,
556 2107 664 2172 verbis
687 2111 797 2172 tamen
820 2107 1012 2172 defendebat
1037 2129 1126 2171 aera-

10 2197 12 2276 ἑ
116 2197 209 2261 rium.
254 2194 339 2273 Quid
362 2196 460 2260 verba
483 2195 627 2279 audiam,
651 2218 723 2261 cum
745 2196 833 2261 facta
855 2196 1005 2261 videam?
1050 2195 1126 2262 Piso

10 2279 12 2298 ³
117 2284 173 2349 ille
192 2283 292 2369 Frugi
316 2305 441 2368 semper
464 2287 576 2348 contra
598 2283 705 2368 legem
727 2285 970 2349 frumentariam
994 2284 1128 2350 dixerat.

117 2371 149 2436 Is
180 2374 253 2458 lege
285 2372 354 2436 lata
384 2372 563 2437 consularis
597 2373 637 2435 ad
670 2372 869 2436 frumentum
903 2372 1127 2455 accipiundum

79 2485 105 2526 ss
119 2466 258 2526 venerat.
303 2459 457 2526 Animum
486 2460 627 2524 advertit
653 2458 818 2524 Gracchus
841 2459 876 2524 in
903 2460 1051 2524 contione
1074 2459 1128 2524 Pi·
1200 2535 1202 2540 λ

120 2570 231 2614 sonem
254 2552 408 2634 stantem3
431 2549 558 2633 quaerit
580 2547 729 2612 audiente
751 2547 872 2630 populo
893 2545 1050 2631 Romano,
1074 2548 1129 2631 qui

10 2707 11 2712 γ
120 2638 182 2702 sibi
214 2641 353 2716 constet,
389 2659 462 2701 cum
495 2658 533 2702 ea
563 2637 635 2721 lege
667 2635 866 2700 frumentum
896 2637 1000 2719 petat,
1032 2657 1128 2720 quam

120 2726 316 2790 dissuaserit.
353 2723 529 2808 ‘Nolim',
547 2725 666 2808 inquit,
687 2723 789 2788 v‘mea
806 2723 920 2808 bona,
942 2722 1129 2808 Graccho,

119 2814 193 2878 tibi
228 2813 379 2878 viritim
416 2813 587 2879 dividere
623 2813 759 2896 libeat,
801 2812 883 2896 sed,
920 2814 955 2878 si
990 2812 1128 2897 faeiaS,

83 2905 266 2986 sopartem
296 2901 444 2988 petam?
490 2901 650 2966 Parumne
678 2901 856 2966 declaravit
882 2902 933 2966 vir
960 2902 1069 2986 gravis
1097 2904 1130 2964 et

121 2991 244 3072 sapiens
272 2992 344 3076 lege
367 2989 558 3074 Sempronia
584 2989 817 3073 patrimonium
839 2990 1003 3074 publicum
1028 2989 1130 3054 dissu-

120 3078 211 3162 pari?
251 3078 338 3163 Lege
362 3079 526 3144 orationes
550 3075 703 3162 Gracchi,
725 3081 900 3162 patronum
919 3078 1036 3142 aerarii
1059 3085 1129 3142 esse

10 3155 13 3288 l
121 3166 213 3231 dices.
257 3166 367 3252 Negat
389 3166 550 3250 Epicurus
579 3166 716 3231 iucunde
739 3186 835 3249 posse
857 3166 938 3248 vivi,
963 3165 1027 3229 nisi
1055 3187 1128 3231 cum
1147 3185 1181 3234 49

120 3255 237 3319 virtute
264 3255 406 3338 vivatur,
432 3258 532 3341 negat
558 3254 661 3318 ullam
690 3254 724 3318 in
754 3255 933 3338 sapientem
960 3253 1027 3318 vim
1060 3275 1129 3318 esse

85 3367 109 3408 aa
121 3342 280 3427 fortunae,
297 3347 427 3408 tenuem
445 3343 567 3408 victum
586 3342 727 3407 antefert
745 3343 889 3425 copioso,
907 3345 1006 3425 negat
1024 3342 1129 3406 ullum

121 3451 187 3495 esse
209 3435 352 3515 tempus,
375 3454 438 3516 quo
458 3431 587 3514 sapiens
605 3451 673 3495 non
695 3430 809 3494 beatus
830 3431 881 3493 sit
917 3427 1035 3494 Omnia
1058 3430 1129 3512 phi-

10 3539 12 3624 )
121 3519 254 3602 losopho
278 3519 390 3604 digna,
414 3519 470 3584 sad
493 3541 565 3584 cum
589 3519 756 3601 voluptate
779 3517 967 3602 pugnantia.
988 3555 1030 3567 -·
1053 3518 1130 3584 Non
