2544 3952
225 285 230 294 ,
329 229 396 285 urs.
414 229 449 284 r.
477 227 554 284 car.
575 233 696 284 23—25.
725 233 880 294 ser-rc.
1040 193 1106 294 449

13 407 14 410 ’
99 392 283 474 ostendere,
309 391 518 476 proponenda
544 391 700 474 quaedam
724 391 816 475 quasi
839 391 1000 457 moventia
1023 395 1130 476 sunt,-

53 483 54 490 '
99 503 182 566 quae
199 502 260 546 nos
279 480 382 564 magis
403 479 444 544 ad
462 480 678 564 cognitionem
696 478 1014 564 intellegentiamque
1033 502 1108 545 con·

99 573 234 634 vertant.
280 565 432 634 Sumatur
459 568 544 632 enim
570 567 664 632 nobis
698 566 828 652 quidam
855 572 1025 651 praestans
1057 569 1108 633 vir

100 657 242 741 optumis
267 656 405 737 artibus,
427 655 517 740 isque
536 657 644 720 animo
666 677 838 738 parumper
857 659 890 720 et
910 656 1107 740 cogitatione

43 761 46 766 '
73 745 250 832 afingatur.
308 743 453 808 Primum
489 744 620 829 ingenio
653 743 769 810 eximio
806 743 850 808 sit
879 766 1008 809 necesse
1044 748 1110 829 aa,

13 887 14 892 ,
99 834 203 899 tardis
235 832 322 896 enim
354 831 516 896 mentibus
547 831 650 896 virtus
687 853 752 896 non
788 831 883 896 facile
921 833 1107 915 comitatum

13 941 14 948 ¹
100 921 214 986 deinde
247 920 288 984 ad
325 919 584 1004 investigandam
616 920 786 984 veritatem
822 920 926 985 studio
962 921 1106 986 incitate.

99 1009 151 1075 Ex
170 1031 233 1094 quo
252 1008 370 1092 triplex
388 1008 444 1071 ille
463 1007 563 1072 animi
584 1007 669 1072 fetus
688 1007 816 1089 existet,
839 1030 921 1074 unus
945 1009 979 1073 in
998 1010 1107 1094 cogni·

99 1099 188 1164 tione
216 1117 322 1161 rernm
348 1096 474 1180 positus
498 1099 531 1159 et
556 1096 590 1160 in
613 1096 827 1179 explicatione
849 1100 997 1180 naturae,
1025 1098 1107 1161 alter

13 1235 14 1258 2
61 1211 86 1252 re
99 1187 134 1250 in
164 1185 369 1268 discriptione
403 1184 650 1267 expetendarum
681 1184 968 1269 fugiendarumque
999 1207 1108 1250 rerum

13 1259 27 1328 t
99 1279 130 1340 et
150 1275 186 1339 in
203 1275 323 1338 ratione
340 1272 482 1356 vivendi,
504 1272 620 1336 tertius
638 1272 672 1336 in
694 1271 877 1356 iudicando,
901 1273 977 1358 quid
994 1274 1107 1358 cuique

13 1341 18 1390 l
99 1362 148 1427 rei
167 1363 211 1426 sit
229 1381 435 1446 consequens,
453 1359 529 1445 quid
547 1381 739 1444 repugnans,
763 1361 798 1425 in
815 1382 878 1445 quo
900 1361 984 1426 inest
1002 1363 1106 1427 omnis

100 1472 173 1515 eum
194 1449 355 1515 subtilitas
379 1448 567 1530 disserendi,
589 1453 659 1512 tum
679 1449 797 1512 veritas
820 1448 991 1514 iudicandi
1037 1449 1107 1525 Quo
1127 1463 1160 1512 69

13 1603 14 1622 1
99 1538 231 1604 nudem
254 1538 355 1622 igitur
377 1537 494 1621 gaudio
519 1536 613 1602 adfici
635 1557 764 1600 neeesse
788 1539 838 1600 est
862 1537 1017 1624 sapientis
1040 1538 1108 1602 ani-

13 1623 19 1714 l
61 1651 86 1692 rs
101 1648 190 1692 mum
214 1647 286 1690 cum
309 1625 359 1689 his
388 1625 590 1690 habitantem
615 1627 920 1708 pemoctantenrque
948 1626 1045 1690 curis!
1072 1630 1109 1690 ut

13 1721 26 1802 q·
101 1735 173 1779 cum
201 1715 300 1778 totius
325 1713 435 1778 mundi
461 1717 569 1778 motus
597 1712 884 1796 conversionesque
909 1714 1109 1798 perspexerit

13 1807 14 1818 ’
101 1802 269 1885 sideraque
288 1801 405 1866 viderit
426 1799 677 1867 innumerabilia
698 1801 786 1865 caelo
809 1799 1013 1866 inhaerentia
1036 1823 1107 1867 cum

100 1891 169 1954 cius
189 1891 291 1974 ipsius
306 1893 396 1954 motu
410 1909 585 1974 congruere
600 1889 695 1954 certis
714 1888 814 1974 infixa
828 1888 967 1971 sedibus,
986 1893 1109 1973 septem

101 1979 166 2043 alia
190 1999 264 2042 suos
288 1999 431 2062 quaeque
458 1981 566 2044 tenere
590 1997 699 2042 cursus
723 1977 861 2041 multum
888 1976 972 2042 inter
995 1999 1029 2042 se
1053 1981 1109 2043 aut

61 2065 272 2132 multitudine
292 2069 349 2130 aut
366 2065 550 2130 bumilitate
569 2064 733 2146 distantia,
752 2087 887 2149 quorum
905 2066 982 2150 vagi
1000 2068 1107 2131 motus

13 2219 21 2226 ,.
100 2157 173 2218 rata
190 2157 301 2218 tamen
319 2156 352 2217 et
366 2158 454 2218 certa
470 2154 521 2217 sui
535 2175 645 2218 cursus
665 2152 771 2236 spatia
790 2153 951 2218 definiant.
982 2153 1108 2220 Horum

13 2261 14 2278 ³
99 2243 253 2306 nimirum
281 2245 429 2325 aspectus
456 2241 586 2324 impulit
616 2241 691 2305 illos
719 2243 843 2305 veteres
871 2245 903 2308 et
935 2243 1108 2325 admonuit,

98 2334 138 2395 ut
154 2329 250 2413 plura
267 2331 466 2413 quaererent.
497 2329 575 2393 Inde
592 2332 642 2394 ost
659 2319 825 2412 indagatio
843 2334 923 2393 neta
940 2330 1107 2395 initiorum

100 2422 134 2482 ct
155 2421 323 2501 tamquam
345 2417 516 2500 seminum,
539 2416 623 2481 unde
644 2420 753 2481 essent
776 2416 883 2484 omnia
907 2421 991 2500 orta,
1014 2437 1107 2502 gene·

13 2559 16 2592 ,
60 2529 86 2571 ss
99 2509 185 2589 rata,
210 2509 370 2588 concreta,
398 2526 542 2589 quaeque
565 2505 717 2588 cuiusque
740 2505 867 2588 generis
891 2505 943 2570 vel
972 2505 1108 2571 inanimi

13 2653 14 2666 ,
100 2595 152 2658 vel
171 2594 346 2657 animantis
368 2593 422 2657 vel
439 2592 521 2658 muti
544 2593 595 2657 vel
618 2592 780 2676 loquentis
803 2592 908 2676 origo,
929 2614 1011 2676 quae
1030 2594 1106 2676 vita,

14 2683 17 2696 ’
100 2681 155 2766 qui
174 2681 323 2746 interitus
341 2701 485 2766 quaeque
504 2703 542 2745 ex
561 2680 625 2745 alio
643 2681 678 2744 in
696 2680 784 2744 alind
802 2680 990 2746 vicissitudo
1011 2684 1108 2766 atque

13 2847 14 2852 ἵ
100 2770 251 2852 mutatio,
287 2767 371 2832 unde
407 2772 494 2833 terra
530 2772 562 2833 et
601 2768 717 2853 quibus
749 2769 869 2834 librata
903 2768 1108 2853 ponderibus,

100 2857 216 2940 quibus
240 2857 512 2934 cavernismaria
530 2858 764 2940 sustineantur,
786 2878 850 2941 qua
868 2857 977 2922 omnia
1000 2857 1108 2923 delata
1198 2927 1200 2930 ,

59 2969 86 3011 so
100 2945 261 3029 gravitate
284 2943 425 3010 medium
448 2944 559 3009 mundi
580 2945 687 3010 locum
710 2965 837 3029 semper
860 2949 1024 3030 expetant,
1052 2945 1108 3030 qui

100 3036 150 3096 est
171 3031 258 3096 idem
280 3033 409 3097 infimus
434 3033 470 3098 in
492 3032 639 3098 rotundo.
972 3090 977 3100 .

13 3139 14 3142 ’
98 3191 100 3196 s
165 3119 256 3184 Haec
281 3121 438 3185 tractanti
465 3120 573 3185 animo
601 3126 633 3184 et
658 3125 770 3186 noctes
793 3124 826 3186 et
853 3121 920 3186 dies
949 3122 1107 3206 cogitanti
1117 3091 1160 3218 ἓξ

97 3208 210 3272 existit
231 3208 288 3272 illa
310 3229 332 3272 a
355 3209 413 3272 deo
437 3207 574 3293 Delphis
596 3213 769 3292 praecepta
792 3211 947 3294 cognitio,
975 3214 1012 3274 ut
1033 3211 1107 3293 ipsa

99 3317 133 3360 se
161 3317 251 3360 mens
279 3299 434 3380 agnoscat
461 3297 729 3380 coniunctamque
762 3299 835 3362 cum
862 3298 971 3362 divina
1000 3301 1106 3362 mente

58 3407 84 3448 aa
99 3405 132 3448 re
152 3385 284 3466 sentiat,
307 3405 345 3448 ex
364 3406 427 3468 quo
446 3384 627 3449 insatiabili
649 3385 767 3469 gaudio
787 3386 994 3469 compleatur.
1030 3385 1107 3470 Ipse

98 3471 185 3538 enim
212 3472 367 3556 cogitatio
395 3472 434 3537 de
461 3472 496 3536 ri
522 3475 554 3536 et
580 3476 696 3538 natura
728 3473 859 3537 deorum
887 3474 1029 3538 studium
1059 3474 1107 3538 in·

13 3591 15 3650 ,
97 3559 206 3640 cendit
228 3561 316 3624 illius
340 3561 564 3626 aeternitatem
585 3559 735 3625 imitandi
761 3582 864 3644 neque
889 3583 923 3626 se
946 3562 980 3626 in
1003 3561 1106 3642 brevi-

13 3661 23 3682 *
150 3671 257 3714 c1c.1v.
281 3674 301 3713 r.
855 3669 890 3718 29
972 3689 973 3692 ¹
