2564 3950
322 235 389 289 LlB.
409 237 441 290 V.
470 235 737 291 ARGUMENTUM.
766 235 842 290 cAP.
865 243 887 291 1.
916 241 974 302 ἐι.
1088 237 1154 303 235

142 395 258 448 tuemur
286 393 320 446 iis
346 394 457 461 officiis,
486 411 557 462 quae
586 395 713 450 oriuntur
735 394 893 450 virtutibus.
930 396 1050 451 Virtutis
1073 413 1153 465 prae-

144 463 281 518 stantiam
299 465 348 532 qui
360 481 417 519 non
430 464 539 531 vident,
558 465 579 518 ii
598 466 693 520 tamen
707 465 797 534 gloria
811 467 966 532 moventur,
982 483 1053 534 quae
1067 467 1154 522 habet

145 533 360 588 similitudinem
378 535 543 589 honestatis.
580 535 744 604 Ex,virtute
763 537 792 589 et
810 534 935 604 corporis
961 535 1040 590 bonis
1059 553 1152 591 cumu-

143 605 220 658 latur
244 606 273 658 et
296 604 453 659 absolvitur
476 606 630 659 extremum
649 608 678 659 ct
695 623 833 659 summum
855 607 972 674 bonum,
991 607 1041 660 sed
1058 608 1154 662 tamen

143 675 256 728 tantum
279 673 379 729 ceteris
401 675 491 729 virtus
514 677 652 744 praestat,
671 678 715 743 nt,
742 676 790 743 qui
808 692 871 730 eam
888 676 1025 744 habeant,
1044 692 1153 746 semper

145 744 202 798 sint
223 744 303 798 beati
325 747 397 825 <cap
420 747 473 814 24).
515 745 556 798 Ex
574 746 628 799 hac
653 746 738 815 plena
759 749 789 800 et
815 745 941 815 perfecta
965 746 1152 815 explicatione
1193 794 1195 798 .

144 813 247 868 summi
269 814 337 867 bom
360 813 410 868 alii
432 814 594 884 philosophi
618 815 770 884 particulas
798 817 934 884 quasdam
962 817 1152 886 adripuerunt,

145 884 235 939 Stoici
253 884 348 939 omnia
365 884 402 938 ad
422 901 451 938 se
469 884 585 938 mutatis
604 885 762 940 nominibus
779 887 984 941 transtulerunt
1002 889 1073 956 (cap.
1097 890 1152 955 25).

144 954 189 1007 Ad
212 953 296 1007 finem
321 954 458 1034 perducta
480 954 588 1009 Pisonis
614 954 803 1023 disputatione
826 957 862 1010 M.
876 955 986 1011 .Giccro
1009 956 1100 1011 vereri
1122 975 1152 1010 se

147 1023 229 1089 dicit,
252 1026 284 1076 ut
301 1025 389 1077 vrrtns
411 1025 525 1078 beatam
544 1023 632 1078 vitam
651 1024 760 1080 efficere
778 1026 880 1094 possit,
899 1026 936 1094 si,
960 1028 992 1080 nt
1009 1027 1151 1096 Peripate·

145 1094 196 1176 tici
213 1095 327 1175 putent,
346 1093 402 1175 alia
420 1094 496 1175 bena
514 1096 543 1148 et
560 1095 637 1148 mala
652 1093 712 1175 sint
728 1098 848 1178 praeter¹
857 1097 1035 1150 honestatem
1048 1100 1078 1178 et
1094 1100 1152 1178 tur·

144 1163 720 1316 sititet{tritheiae}
735 1165 1152 1318 lsislttlzthhttit

145 1304 1152 1444 {stultitiastatthilaeffdqttitfflnltttt

144 1459 227 1514 posse
247 1446 319 1514 (cap.
338 1451 371 1498 27
391 1447 420 1498 et
437 1449 491 1514 28).
523 1446 621 1512 ltaque
635 1445 700 1498 Piso
717 1461 792 1500 novo
811 1449 922 1514 sumpto
942 1446 1055 1501 exordio
1074 1449 1151 1516 post-

145 1531 230 1584 quam
249 1530 359 1568 omnem
376 1514 586 1584 philosophiam
608 1515 638 1568 in
655 1514 716 1570 vita
735 1515 820 1569 beata
839 1516 1028 1584 comparanda
1046 1517 1152 1571 versari

143 1584 278 1651 ostendit,
293 1584 402 1639 Stoicos
416 1587 503 1655 negat
515 1585 595 1640 novis
610 1584 770 1639 nominibus
783 1584 1000 1639 inconstantiam
1014 1585 1151 1656 effugisse,

145 1655 169 1710 si
194 1671 250 1724 qua
277 1653 362 1710 fuerit
384 1655 459 1724 apnd
481 1657 592 1710 veteres
615 1656 687 1723 (cap.
710 1657 770 1723 29),
799 1655 849 1708 sed
871 1654 1073 1723 Peripateticos
1099 1655 1153 1710 sibi

142 1726 286 1790 constare;
303 1741 395 1793 nsque
414 1725 488 1778 enim
507 1740 554 1780 eos
573 1723 636 1792 illa,
661 1741 731 1792 quae
756 1725 828 1778 bona
847 1723 971 1792 corporis
991 1727 1021 1779 et
1038 1726 1152 1780 externa

144 1795 303 1865 appellent,
321 1794 409 1865 pluris
427 1794 590 1862 aestimare,
616 1810 700 1862 quam
719 1793 809 1848 Stoici
827 1794 974 1849 commoda
993 1795 1151 1862 aestiment,

143 1870 186 1935 et,
205 1867 238 1920 ut
255 1867 365 1919 ceterae
383 1881 427 1920 res
446 1881 481 1920 ex
498 1863 650 1935 praecipua
668 1866 749 1933 parte
769 1864 958 1933 appellentur,
982 1863 1022 1918 sic
1045 1864 1105 1918 fieri
1122 1865 1152 1918 in

143 1936 246 1992 beatae
264 1935 341 1990 vitae
359 1935 556 1990 aestimatione
571 1937 600 1990 et
614 1934 805 2004 appellatione
820 1937 892 2005 (cap.
907 1937 961 2003 30).
991 1935 1152 2003 Sapientem

142 2005 208 2075 plus
225 2005 293 2060 boni
310 2005 429 2073 habere,
453 2023 517 2060 oum
539 2005 672 2060 virtutem
693 2005 811 2072 habeat,
834 2021 885 2059 nec
908 2007 1004 2060 tamen
1024 2005 1151 2059 omnihus

143 2075 227 2130 malis
246 2091 356 2144 semper
372 2076 493 2130 liberum
511 2090 571 2130 esse
590 2077 661 2144 (cap.
681 2078 816 2144 314²)ss

216 2146 312 2201 Sermo
331 2146 443 2201 habitus
466 2146 581 2216 fingitur
598 2148 681 2214 (anno
700 2162 724 2200 a
744 2145 807 2199 Chr.
826 2163 853 2200 n.
873 2149 930 2214 79),
951 2162 1006 2214 quo
1024 2147 1151 2215 tempore

141 2216 242 2272 Cicero
265 2219 331 2285 post
353 2216 545 2271 defensionem
571 2216 631 2272 Sex.
650 2216 747 2271 Roscii
764 2233 793 2270 se
811 2214 981 2271 valetudinis
1000 2219 1029 2270 et
1047 2216 1151 2270 studio·

142 2305 205 2341 rum
224 2303 309 2342 causa
326 2285 356 2341 in
375 2286 521 2348 Graeciam
540 2287 698 2341 contulerat
717 2289 745 2340 et
763 2285 879 2340 Athenis
899 2302 947 2341 sex
965 2303 1073 2340 menses
1088 2303 1151 2341 cum

142 2357 283 2412 Antiocho
306 2355 361 2410 fuit
384 2356 561 2425 studiumque
584 2355 780 2426 philosophiae
805 2374 823 2410 a
846 2355 937 2424 prima
960 2356 1152 2409 adulescentia

142 2427 251 2482 cultum
268 2428 323 2482 hcc
337 2429 451 2482 auctore
466 2430 495 2482 et
509 2428 623 2481 doctore
639 2426 787 2480 renovavit
804 2426 891 2493 (Brut.
907 2431 949 2478 91.
964 2431 1025 2493 315,
1045 2425 1079 2478 de
1093 2429 1150 2480 nat.

141 2499 171 2553 d.
189 2497 203 2550 Ι
221 2503 245 2553 8.
265 2504 295 2566 6,
313 2497 386 2552 Plnt.
404 2497 454 2552 vit
474 2496 530 2552 Cio.
549 2499 585 2566 4).

541 2607 752 2616 ...ων-..-ωη-

210 2691 292 2758 Cum
325 2693 486 2758 audissem
521 2690 734 2775 Antiochum,
772 2689 885 2773 Brute,
922 2693 960 2754 ut
995 2670 1187 2774 solebam,l

144 2801 217 2847 oum
248 2780 292 2844 M.
322 2779 439 2845 Pisone
466 2781 501 2845 in
528 2802 566 2845 eo
594 2778 780 2864 gymnasio,
811 2778 897 2863 quod
926 2749 1183 2843 Ptolomaeum1

144 2871 289 2950 vocatur,
316 2889 442 2950 unaque
464 2867 631 2933 nobiscum
656 2867 691 2942 Q.
714 2866 814 2931 frater
837 2871 870 2930 et
893 2865 928 2929 Τ.
951 2867 1149 2950 Pomponius

143 2953 325 3038 Luciusque
353 2955 478 3039 Cicero,
503 2954 605 3019 irater
630 2958 742 3020 noster
769 2954 960 3038 cognatione
983 2954 1149 3038 patruelis,

115 3065 253 3109 samore
276 3063 462 3127 germanae,
490 3043 716 3107 constituimus
739 3043 824 3106 inter
845 3064 919 3125 nos,
946 3045 983 3105 ut
1005 3040 1149 3105 ambula-

143 3131 267 3196 tionem
302 3130 588 3213 postmeridianam
626 3130 852 3194 conficeremus
874 3127 884 3146 ''
894 3130 928 3193 in
966 3128 1149 3209 Academia,

143 3219 283 3282 maxime
314 3218 400 3302 quod
431 3219 459 3281 is
491 3218 581 3282 locus
614 3217 655 3281 ab
688 3218 775 3283 omni
806 3217 903 3282 turba
933 3215 966 3279 id
995 3215 1149 3297 temporis

143 3327 262 3370 vacuus
286 3307 380 3369 esset.
429 3304 542 3389 ltaque
570 3304 610 3368 ad
637 3308 763 3387 tempus
792 3305 832 3368 ad
855 3303 1005 3367 Pisonem
1029 3310 1149 3366 omnes

119 3389 220 3457 ¹Inde
255 3392 345 3459 vario
383 3413 529 3457 sermone
561 3413 616 3456 sex
648 3391 705 3455 illa
737 3414 757 3455 a
787 3390 907 3472 Dipylo
940 3388 1043 3452 stadia
1075 3410 1148 3453 con-

103 3480 286 3545 sciscimus.
336 3477 417 3545 Cum
446 3484 553 3542 autem
579 3479 779 3542 venissemus
807 3478 842 3539 in
868 3474 1060 3538 Academiae
1082 3497 1148 3540 non

143 3568 211 3633 sine
238 3588 335 3631 causa
361 3566 536 3631 nobilitata
564 3567 684 3648 spatia,
713 3563 853 3628 solitudo
881 3564 951 3624 erat
973 3583 1023 3644 ea,
1051 3583 1148 3644 quam
