2574 3956
161 205 226 266 144
323 203 371 257 DE
390 203 534 258 FINIBUS
552 201 731 258 BONORUM
748 203 796 257 ΕΤ
814 201 996 257 MALORUM

159 365 309 429 Addebat
331 366 429 429 etiam
453 387 486 429 se
508 366 542 429 in
565 366 670 450 legem
688 363 868 429 Voconiam
882 364 1031 429 iuratum
1054 367 1170 429 contra

158 475 231 517 eam
257 452 363 517 facere
392 474 458 517 non
485 452 615 537 audere,
642 453 706 516 nisi
734 453 828 517 aliter
857 453 968 516 amicis
998 451 1170 515 videretur.

159 541 339 605 Aderamus
370 562 429 606 nos
462 541 590 624 quidem
622 539 855 623 adulescentes,
888 540 943 605 sed
975 540 1068 603 multi
1100 561 1168 603 arn-

159 629 299 711 plissimi
326 628 401 712 viri,
429 648 563 712 quorum
587 649 681 692 nemo
705 628 829 693 censuit
853 627 926 710 plus
949 625 1066 691 Fadiae
1090 627 1167 695 dan-

157 717 249 799 dum,
276 738 373 800 quam
400 719 511 799 posset
536 715 576 779 ad
611 737 682 779 eam
713 716 785 799 lege
815 714 968 780 Voconia.
992 715 1197 799 pervenires
1275 743 1276 746 ¹

158 803 279 867 Tenuit
309 822 519 887 permagnam
556 800 709 867 Sextilius
744 803 968 885 hereditatem,
1004 802 1101 885 unde,
1138 803 1169 867 si

160 895 288 956 secutus
311 895 396 955 esset
418 911 529 955 eorum
552 891 758 974 sententiam,
785 891 841 975 qui
862 891 1000 954 honesta
1023 895 1056 954 et
1077 894 1168 955 recta

159 979 383 1044 emolumentis
402 978 551 1042 omnibus
571 982 605 1042 et
620 978 798 1044 commodis
820 982 1059 1062 anteponerent,
1076 999 1168 1042 nurn-

160 1090 249 1131 mum
266 1067 391 1130 nullum
410 1066 582 1150 attigisset.
612 1065 701 1132 Num
717 1067 820 1149 igitur
832 1087 906 1130 eum
923 1069 1038 1150 postea
1056 1087 1167 1130 censes

161 1155 255 1219 anxio
284 1154 391 1218 animo
419 1158 475 1217 aut
503 1153 641 1218 sollicito
669 1153 792 1218 fuisse?
836 1152 928 1218 Nihil
950 1154 1070 1236 minus,
1092 1175 1166 1218 con·
1183 1179 1212 1218 ιο

159 1247 273 1325 traque
305 1241 364 1304 illa
393 1240 570 1305 hereditate
597 1241 684 1306 dives
713 1241 754 1306 ob
786 1233 921 1325 eamque
952 1263 1020 1306 rem
1052 1242 1167 1308 laetus

159 1329 271 1413 Magni
310 1329 395 1392 enim
432 1328 625 1393 aestimabat
659 1330 829 1412 pecuniam
865 1351 931 1394 non
969 1330 1064 1394 modo
1100 1352 1168 1395 non

160 1421 272 1481 contra
293 1416 395 1500 leges,
419 1417 474 1480 sed
497 1417 744 1500 etiam‘legibus
768 1419 909 1500 partam,
932 1438 1014 1501 quae
1037 1417 1167 1501 quidem

159 1505 210 1569 vel
242 1526 314 1569 cum
345 1504 488 1588 periculo
521 1508 571 1569 est
606 1505 787 1589 quaerenda
822 1506 925 1569 vobis.
983 1504 1046 1568 Est
1080 1506 1167 1570 enim

105 1604 141 1652 so
160 1593 303 1657 effectrix
325 1593 497 1656 multarum
520 1597 553 1656 et
574 1613 765 1677 magnarum
787 1594 1000 1676 voluptatum.
1021 1592 1083 1657 ‘Ut
1105 1593 1210 1678 igi-15

158 1684 212 1746 tur
233 1680 313 1764 illis,
337 1681 406 1764 qui,
429 1683 518 1744 recta
541 1684 574 1745 et
595 1679 732 1745 honesta
750 1702 832 1765 quae
851 1683 939 1763 sunt,
961 1701 999 1745 ea
1018 1683 1168 1746 statuunt

19 1796 25 1814 ·
158 1791 216 1853 per
244 1790 278 1833 se
305 1768 495 1852 expetenda,
523 1767 669 1832 adeunda
696 1773 772 1832 sunt
793 1769 924 1851 quaevis
949 1768 1091 1851 pericula
1114 1769 1167 1833 de·

159 1857 243 1922 coris
279 1856 522 1942 honestatisque
558 1878 669 1939 causa,
712 1856 757 1920 sic
793 1857 923 1939 vestris,
963 1856 1017 1938 qui
1058 1858 1167 1921 omnia

159 1945 326 2026 voluptate
355 1944 547 2025 metiuntur,
572 1943 717 2026 pericula
745 1943 890 2008 adeunda
919 1948 1006 2026 sunt,
1034 1948 1072 2008 ut
1099 1945 1167 2008 adi·

158 2032 324 2114 piscantur
351 2051 486 2115 magnas
512 2030 705 2114 voluptates.
755 2029 790 2095 Si
813 2051 1018 2115 magnares,
1047 2052 1167 2116 magna
1180 2056 1209 2095 so

159 2118 320 2182 hereditas
353 2123 480 2202 agetur,
512 2139 584 2182 cum
615 2119 752 2203 pecunia
783 2119 966 2202 voluptates
998 2119 1166 2203 pariantur

158 2206 330 2290 plurimae,
366 2206 452 2270 idem
488 2205 550 2270 erit
585 2205 727 2294 Epicuro
763 2209 870 2271 vestro
905 2207 1100 2290 faciendum,
1137 2209 1166 2272 si

159 2315 253 2358 suum
291 2293 388 2358 finem
428 2295 588 2358 bonorum
624 2295 716 2378 sequi
751 2294 853 2378 volet,
893 2293 979 2378 quod
1021 2293 1164 2378 Scipioni

158 2401 278 2466 magna
305 2382 410 2465 gloria
437 2381 617 2466 proposita,
648 2382 676 2446 si
708 2380 926 2446 Hannibalem
957 2381 991 2447 in
1020 2381 1166 2448 Africam

158 2469 354 2534 retraxisset.
398 2468 513 2553 Itaque
536 2472 692 2554 quantum
716 2469 797 2533 adiit
818 2469 1008 2554 periculuml
1041 2471 1081 2534 ad
1107 2472 1166 2536 ho·
1180 2496 1207 2537 ss

157 2561 318 2622 nestatem
337 2557 423 2621 enim
445 2557 539 2637 illum
557 2579 686 2622 omnem
704 2560 855 2622 conatum
879 2580 972 2622 suum
995 2558 1166 2642 referebat,

86 2703 89 2716 ,
157 2666 224 2710 non
248 2645 287 2708 ad
310 2646 518 2727 voluptatem.
557 2642 609 2709 Sic
632 2648 738 2709 vester
762 2645 888 2728 sapiens
912 2665 1031 2731 magno
1055 2646 1164 2730 aliquo

159 2732 375 2796 emolumento
409 2735 589 2796 commotus
620 2735 641 2812 †
672 2753 745 2796 cum
777 2754 890 2817 causa,
923 2733 951 2798 si
983 2755 1063 2818 opus
1097 2735 1166 2816 erit,
1271 2777 1272 2782 κ

105 2830 139 2879 57
160 2820 333 2884 dimicabit
377 2818 545 2884 Occultum
572 2819 696 2884 facinus
724 2841 794 2884 esse
816 2821 971 2905 potuerit,
999 2821 1165 2906 gaudebit,
1271 2871 1272 2878 ,

159 2907 376 2990 deprehensus
403 2929 531 2973 omnem
560 2929 696 2990 poenam
728 2911 920 2972 contemnet.
974 2908 1048 2972 Erit
1078 2910 1165 2974 enirn
1180 2935 1207 2976 ao
1271 2901 1272 2978 l

158 2997 334 3060 instructus
358 2995 399 3058 ad
417 2998 555 3060 mortem
578 2995 856 3078 contemnendam,
879 2996 920 3060 ad
943 2996 1100 3074 exsilium,
1124 2999 1165 3062 ad

158 3084 264 3166 ipsum
292 3083 391 3147 etiam
419 3083 570 3148 dolorem.
620 3081 722 3158 Quem
749 3083 877 3167 quidem
905 3105 977 3168 vos,
1005 3106 1079 3149 cum
1106 3086 1165 3148 im·

158 3171 268 3254 probis
300 3191 438 3255 poenam
469 3171 664 3254 proponitis,
696 3170 910 3254 impetibilem
942 3171 1062 3255 facitis,
1092 3194 1165 3238 curn

159 3259 337 3343 sapientem
356 3279 482 3340 semper
499 3257 577 3321 boni
594 3258 667 3341 plus
685 3258 803 3323 habere
822 3259 930 3341 vultis,
950 3259 1165 3325 tolerabilem.

108 3359 148 3422 18
226 3344 288 3410 Sed
319 3347 405 3428 finge
436 3367 503 3410 nou
529 3344 634 3409 solum
666 3345 818 3410 callidum
846 3368 932 3430 eum,
959 3348 1014 3432 qui
1044 3348 1207 3432 aliquidue

158 3434 305 3518 improbe
336 3433 449 3516 faciat,
485 3453 596 3497 rerum
628 3433 726 3498 etiam
758 3438 1015 3518 praepotentem,
1050 3439 1088 3499 ut
1121 3434 1165 3499 M.

160 3517 294 3584 Crassus
325 3519 401 3602 fuit,
433 3519 487 3604 qui
517 3523 628 3586 tamen
666 3520 792 3586 solebat
823 3522 871 3586 uti
904 3543 961 3586 suo
994 3522 1094 3608 bono,
1129 3528 1166 3588 ut
