2568 3948
370 231 437 285 Lm.
457 231 490 286 V.
518 231 595 286 oAP.
615 237 645 300 e,
664 237 705 286 ιο.
734 237 891 306 ς26«3ο.
991 253 992 258 “
1046 233 1111 296 24ῑ

15 409 16 428 ³
96 405 164 476 que
190 393 338 456 sensibus
363 392 422 476 sic,
445 396 495 476 ut,
519 397 630 458 contra
654 394 682 458 si
704 393 774 478 quis
798 394 903 458 dicere
926 395 1018 478 velit,
1046 417 1113 460 non

98 480 281 566 audiatur),
309 485 431 563 tamen,
459 502 499 544 ne
528 481 603 564 quid
631 481 937 564 praetermittamus,
969 482 1111 547 rttiones

98 591 244 652 quoque,
272 590 329 632 cur
356 569 419 632 hoc
445 567 493 632 ita
520 569 576 652 sit,
607 569 784 633 afferendas
816 574 904 654 puto.
953 569 1027 635 Etsi
1057 572 1112 654 qui
1130 583 1166 631 rs

98 659 214 738 potest
236 657 381 740 intellegi
400 659 456 719 aut
474 657 613 740 cogitari
632 678 701 721 esse
721 657 851 742 aliquod
875 659 1004 742 animal,
1027 659 1112 742 quod

68 767 136 810 sse
162 743 288 808 oderit?
310 764 362 808 res
385 744 471 808 enim
495 749 684 809 concurrent
703 746 893 810 contrariae.
928 745 1015 811 Nam
1039 768 1111 810 cum

100 833 267 916 appetitus
300 832 355 896 ille
388 831 488 895 animi
521 831 643 916 aliquid
677 833 717 896 ad
749 855 784 898 se
813 833 940 897 trahere
971 835 1112 918 coeperit

100 920 267 1002 consulto,
290 919 376 1004 quod
398 919 461 983 sibi
483 919 583 998 obsit,
607 921 682 1004 quis
706 921 748 985 sit
771 921 834 985 sibi
856 922 1016 1003 inimicus,
1038 943 1111 986 cum

99 1009 136 1072 id
170 1031 229 1073 sus
260 1029 357 1072 causa
386 1007 496 1091 faciet,
529 1012 561 1072 et
596 1009 700 1073 oderit
731 1029 764 1072 se
797 1013 829 1072 et
861 1009 955 1073 simul
989 1010 1111 1094 diliget,

101 1097 189 1180 quod
216 1096 286 1160 fieri
314 1117 381 1160 non
407 1058 524 1179 poteit.
572 1095 776 1180 Necesseque
804 1101 867 1180 est,
897 1098 925 1161 si
948 1097 1019 1182 quis
1042 1100 1111 1180 ipse

101 1275 191 1338 bona
213 1276 337 1354 eontra,
365 1293 447 1356 quae
470 1271 570 1354 male,
598 1275 643 1353 et,
670 1294 752 1355 quae
776 1272 970 1374 appetenda,
998 1273 1110 1358 fugere

102 1365 149 1444 et,
181 1381 263 1444 quse
292 1359 458 1444 fugienda,
489 1363 652 1443 appetere,
682 1381 764 1444 quae
797 1361 865 1425 sine
895 1359 992 1426 dubio
1024 1363 1109 1426 vitae

101 1453 154 1514 est
181 1448 314 1512 eversio.
363 1447 476 1531 Neque
505 1448 604 1530 enim,
635 1448 663 1511 si
689 1469 755 1512 non
782 1449 866 1514 nulli
897 1449 1110 1534 reperiuntur,

102 1537 159 1620 qui
182 1541 239 1600 aut
261 1535 394 1620 laqueos
418 1536 561 1600 sutelis
584 1535 681 1599 exitia
704 1540 872 1620 quaerant,
901 1539 970 1619 aut,
996 1540 1033 1600 ut
1055 1537 1110 1600 ille

15 1645 16 1714 q
60 1651 87 1690 rs
103 1625 190 1726 apud
208 1624 408 1738 Terentium,
431 1623 485 1707 qui
509 1623 697 1688 ‘decrevit
714 1624 909 1707 tantisper
929 1625 1109 1690 seminus

15 1711 17 1798 l
102 1713 271 1778 iniuriae
308 1703 388 1776 suo'
414 1714 504 1776 nato
541 1710 697 1794 facere’,
733 1714 770 1776 ut
806 1712 853 1776 ait
889 1713 972 1794 ipse,
1010 1711 1110 1776 ‘dum

102 1800 178 1865 fiat
210 1798 353 1883 miser'‚
384 1799 534 1864 inimicus
566 1799 635 1882 ipse
663 1762 727 1863 sibi
754 1803 813 1882 put
799 1799 915 1864 handus
946 1803 1003 1862 est
1049 1798 1111 1863 Sed
1129 1817 1163 1866 29

104 1889 161 1952 alii
185 1887 295 1952 dolore
318 1850 501 1970 nioventur,
525 1887 582 1952 alii
604 1887 763 1970 cupiditat
764 1909 794 1970 e,
823 1887 1044 1951 iracundiat
1012 1888 1112 1952 etiam

103 1976 200 2041 multi
218 1975 393 2040 efferuntur
413 1979 458 2057 et,
481 1997 554 2039 cum
571 1976 606 2041 in
623 1974 710 2039 mala
727 1976 865 2040 seientes
884 1975 1019 2057 irruunt,
1042 1979 1111 2040 tum

62 2090 90 2129 20
104 2086 137 2129 se
166 2065 286 2147 optime
315 2063 378 2128 sibi
406 2062 572 2128 consulere
600 2063 806 2130 arbitrantur.
854 2063 968 2146 Itaque
1001 2063 1113 2126 dicunt

103 2174 162 2216 nec
186 2151 350 2216 dubitant:

151 2283 266 2348 'Mihi
290 2281 343 2347 sic
367 2287 425 2346 est
448 2305 553 2364 usus,
581 2281 655 2347 tibi
677 2286 717 2347 ut
742 2286 857 2364 opust
871 2281 996 2374 tincto,
1019 2277 1111 2348 face.

15 2453 16 2482 t
106 2416 167 2493 Qui
189 2415 255 2498 ipsi
278 2415 342 2479 sibi
363 2415 485 2480 bellum
508 2414 714 2497 indixissent,
732 2414 874 2478 cruciari
896 2415 978 2498 dies,
1000 2419 1111 2480 noctes

15 2503 16 2546 l
106 2503 249 2588 torqueri
285 2502 417 2585 vellent,
456 2524 513 2567 nec
545 2523 620 2566 vero
654 2523 723 2566 sese
755 2501 818 2584 ipsi
849 2505 1039 2566 accusarent
1070 2503 1111 2567 cb

66 2618 94 2657 es
110 2613 177 2656 eam
210 2611 354 2674 causam,
387 2590 470 2674 quod
504 2612 537 2655 se
570 2589 655 2654 male
689 2589 754 2654 suis
786 2588 882 2654 rebus
914 2590 1112 2654 consuluisse

107 2680 256 2744 dicerent.
309 2677 431 2754 Eorum
468 2679 554 2742 enim
591 2680 641 2742 est
675 2676 756 2742 haee
787 2677 928 2761 querela,
960 2679 1015 2761 qui
1049 2678 1112 2742 sibi

108 2767 171 2832 cari
202 2770 278 2831 sunt
310 2787 442 2849 seseque
474 2767 623 2850 diligunt.
673 2765 794 2848 Quare,
826 2765 1112 2851 quotienscumque

108 2855 230 2920 dicetur
252 2854 337 2918 male
361 2854 432 2938 quis
456 2853 495 2917 de
523 2875 557 2917 se
579 2855 696 2917 mereri
720 2853 843 2938 sibique
870 2853 1018 2919 inimicus
1043 2875 1112 2918 esse

109 2947 202 3028 atque
228 2941 346 3024 hostis,
373 2941 475 3006 vitam
503 2941 637 3026 denique
664 2941 788 3026 fugere,
817 2941 1024 3026 intellegatur
1055 2942 1111 3005 ali·

68 3053 202 3114 ecquam
230 3031 360 3094 subesse
388 3030 457 3094 eius
485 3029 573 3094 modi
601 3051 744 3112 causam,
771 3033 807 3092 ut
835 3051 873 3092 ex
901 3051 938 3094 eo
968 3031 1040 3112 ipso
1064 3031 1110 3093 iu-

107 3118 214 3203 tellegi
236 3118 342 3201 possit
365 3117 427 3181 sibi
450 3139 608 3201 quemque
631 3139 701 3182 esse
724 3139 842 3182 carum.
886 3116 1054 3183 Neo'vero
1076 3117 1113 3180 id·
1130 3137 1164 3184 30

109 3207 190 3271 satis
209 3210 272 3289 est,
294 3206 456 3270 neminem
480 3226 563 3287 esse,
586 3205 641 3290 qui
663 3205 754 3288 ipse
750 3227 790 3270 se
813 3204 930 3288 oderit,
954 3203 1009 3268 sed
1031 3205 1112 3268 illud

109 3315 230 3380 quoque
262 3293 516 3378 intellegendum
549 3295 610 3376 est,
641 3293 803 3357 neminem
835 3312 916 3374 esse,
949 3292 1024 3375 qui,
1048 3313 1111 3375 quc

109 3383 201 3447 modo
225 3403 259 3446 se
281 3381 415 3464 habeat,
437 3381 520 3445 nihil
540 3403 598 3446 sua
617 3381 777 3446 censeat
767 3403 801 3445 m
802 3383 931 3445 teresse
968 3375 1073 3443 Tollet
1059 3385 1112 3444 tur

71 3472 191 3536 etenim
214 3469 378 3553 appetitus
403 3468 516 3549 animi,
539 3469 582 3551 si,
611 3469 678 3532 ut
669 3491 704 3532 rn
725 3468 765 3532 iis
788 3466 897 3568 rebus,
924 3467 1010 3532 inter
1032 3489 1112 3550 quas

109 3559 186 3623 nihil
207 3557 557 3640 interestsneutram
549 3579 582 3621 m
600 3559 725 3640 partem
743 3555 968 3640 propensiores
993 3577 1113 3639 sumus,
