2586 3950
340 226 407 280 ΜΒ.
426 226 474 281 111.
502 226 577 282 CAP.
597 233 644 295 ar,
664 233 705 283 aa
734 233 749 292 s
769 233 889 282 ra-ra
1058 225 1121 288 199
1154 223 1159 227 ’

108 389 246 453 nomina
273 388 450 472 possideat,
478 409 558 472 quae
585 387 714 453 irrideri
742 389 783 452 ab
815 388 973 471 imperitis
1007 388 1121 453 solent.

109 475 245 542 Rectius
269 477 355 540 enim
384 475 601 560 appellabitur
627 497 683 539 rex
710 497 808 560 quam
831 476 1037 560 Tarquinius,
1066 478 1121 560 qui

109 585 171 628 nec
195 585 229 627 se
252 585 311 628 nec
331 584 406 628 suos
425 585 536 648 regere
555 564 674 646 potuit,
697 564 815 628 rectius
835 565 993 648 magister
1009 565 1122 648 populi

112 649 156 736 (is
181 651 266 716 enim
295 655 345 716 est
372 647 527 736 dictator)
555 673 650 735 quam
680 648 782 729 Sulla,
815 653 870 735 qui
897 652 995 716 trium
1023 653 1121 734 pesti·
1240 715 1243 720 .

82 739 255 806 aferorum
296 739 462 824 vitiorum,
503 739 661 822 luxuriae,
703 740 871 823 avaritiae,
913 740 1122 821 crudelitatis

110 826 269 910 magister
296 827 372 910 fuit,
399 827 518 892 rectius
548 822 635 891 dives
664 850 760 912 quam
789 825 937 910 Crassus,
970 828 1024 912 qui
1056 827 1122 892 nisi

111 915 269 998 eguisset,
293 936 468 998 numquam
487 914 678 998 Euphraten
695 914 786 980 nulla
804 915 880 980 belli
899 937 994 982 causa
1017 919 1122 979 trans·
1152 962 1158 973 .

109 1002 159 1066 ire
187 1002 359 1085 voluissem
387 1007 474 1067 recte
502 1003 570 1067 cius
599 1003 708 1067 omnia
730 1003 887 1085 dicentur,
911 1004 966 1086 qui
990 1005 1051 1067 scit
1073 1003 1122 1067 uti
1233 1065 1237 1072 .

112 1091 203 1154 solus
223 1091 382 1170 omnibus,
400 1094 486 1156 recte
505 1090 604 1156 etiam
622 1089 755 1173 pulcher
774 1090 989 1174 appellabitur
1007 1087 1121 1178 (animi

70 1206 97 1244 ιο
112 1177 200 1242 enim
223 1178 413 1242 liniamenta
432 1182 507 1242 sunt
524 1177 710 1262 pulchriora
728 1200 825 1261 quam
846 1175 1013 1263 corporis),
1035 1182 1121 1243 recte

112 1267 202 1330 solus
240 1266 322 1330 liber
356 1287 416 1330 nec
447 1266 660 1331 dominationi
691 1266 879 1350 cuiusquam
914 1287 1030 1349 parens
1062 1287 1121 1330 nec

112 1354 287 1418 oboediens
326 1353 510 1438 cupiditati,
549 1357 635 1418 recte
671 1354 827 1437 invictus,
864 1355 954 1418 cuius
992 1353 1121 1418 etiamsi
1140 1362 1177 1411 76

112 1463 229 1526 corpus
253 1443 506 1527 constringatur,
530 1443 637 1506 animo
660 1446 770 1506 tamen
788 1442 915 1506 vincula
937 1442 1014 1505 inici
1031 1441 1122 1505 nulla

111 1531 255 1612 possint,
282 1551 340 1594 nec
364 1532 528 1612 exspectet
556 1530 658 1594 ullum
680 1533 808 1612 tempus
833 1530 962 1612 aetatis,
989 1532 1026 1594 ut
1052 1532 1122 1592 tum

72 1643 98 1684 15
113 1619 250 1702 denique
268 1617 435 1700 iudicetur,
452 1617 609 1682 beatusne
627 1617 733 1700 fuerit,
752 1638 824 1680 cum
839 1620 1018 1680 extremum
1035 1616 1122 1679 vitae

114 1705 200 1769 diem
218 1709 322 1769 morte
341 1704 522 1782 confecerit,
542 1704 628 1788 quod
644 1703 700 1768 ille
719 1726 801 1768 unus
820 1725 837 1767 e
855 1707 980 1786 septem
997 1704 1122 1787 sapien-

112 1793 201 1856 tibus
224 1813 288 1858 non
313 1793 475 1876 sapienter
498 1790 653 1857 Croesum
677 1793 811 1856 monuit.
847 1790 933 1855 Nam
958 1791 984 1854 si
1008 1791 1122 1854 beatus

112 1902 268 1964 umquam
286 1880 414 1962 fuisset,
437 1880 566 1946 beatam
586 1881 688 1945 vitam
706 1901 808 1964 usque
828 1879 869 1944 ad
887 1880 978 1943 illum
998 1901 1016 1942 a
1036 1876 1122 1960 Cyro

113 1970 313 2032 exstructum
340 1989 455 2052 rogum
489 1968 688 2051 pertulisset.
739 1967 832 2042 Quod
859 1968 888 2031 si
916 1967 964 2031 ita
992 1969 1055 2048 est,
1086 1967 1123 2029 ut

75 2077 217 2139 seneque
246 2055 415 2138 quisquam
441 2055 504 2119 nisi
532 2057 636 2120 bonus
665 2055 714 2120 vir
742 2059 776 2119 et
798 2076 908 2119 omnes
935 2054 1012 2119 boni
1029 2053 1123 2117 beati

115 2144 193 2226 sint,
221 2143 297 2228 quid
324 2142 532 2226 philosophia
560 2143 665 2228 magis
694 2141 863 2208 colendum
888 2145 944 2207 aut
973 2141 1124 2226 quidest

114 2232 233 2296 virtute
257 2229 420 2295 divinius?

512 2391 723 2398 -—---—-—-—

361 2531 410 2603 M.
439 2529 601 2604 TULLII
628 2527 875 2602 CICERONIS

115 2694 187 2777 uu
223 2691 435 2778 armeus
472 2667 729 2777 nouorum
765 2691 831 2775 m
863 2689 1123 2775 urucam
1202 2624 1217 2795 s

507 2837 557 2891 AD
576 2837 731 2892 BRUTUM

436 2963 569 3028 LIBER
593 2961 805 3040 QUARTUS.

566 3123 671 3130 ...ι-...-

318 3259 325 3270 ·
441 3229 794 3290 ARGUMENTUM.

184 3347 269 3402 Initio
301 3346 367 3400 libri
399 3345 510 3414 Cicero,
542 3347 574 3398 ut
606 3345 737 3398 ostendat
762 3344 869 3398 nullam
897 3359 1009 3398 causam
1036 3343 1122 3398 fuisse

115 3417 230 3486 Zenoni,
250 3434 300 3472 cur
317 3433 334 3470 a
351 3416 492 3470 veteribus
510 3414 686 3469 Academicis
705 3416 734 3468 et
752 3413 946 3484 Peripateticis
965 3413 1122 3467 desciscens

114 3505 216 3542 novam
240 3486 418 3556 disciplinam
441 3485 587 3553 conderet,
615 3484 742 3554 exponit,
773 3500 827 3552 quo
851 3483 935 3538 modo
963 3483 1006 3537 illi
1032 3483 1122 3552 philo·

115 3557 242 3629 sophiam
258 3557 440 3612 constitutam
453 3555 615 3626 habuerint,
633 3571 648 3610 e
663 3554 740 3609 cuius
753 3555 844 3609 tribus
857 3553 984 3627 partibus
999 3553 1123 3609 ethicam
