2564 3950
193 209 258 274 322
387 207 684 265 TuscuuAuAuun
704 209 1007 266 DISPUTATIONUM

258 369 320 435 Sed
338 370 483 455 profecto
502 389 589 436 mors
607 374 678 436 tum
692 371 887 455 aequissimo
902 372 1013 436 animo
1029 373 1209 456 oppetitur,

192 481 264 525 oum
290 460 357 524 suis
385 481 419 523 se
445 459 594 525 laudibus
621 459 690 524 vita
718 459 865 524 occidens
894 461 1056 526 consolari
1084 465 1207 546 potest
1268 525 1269 544 ,

190 547 294 614 Nemo
317 569 432 631 parum
455 546 510 610 diu
532 547 626 627 vixit,
650 547 705 630 qui
727 547 857 612 61666616
876 548 1040 631 perfectae
1058 549 1205 632 perfecto
1268 557 1269 576 ¹

189 637 318 700 functus
342 640 392 700 est
414 655 555 698 munere.
590 633 695 698 Multa
718 633 799 698 mihi
822 636 885 718 ipsi
904 636 944 700 ad
963 641 1104 702 mortem
1124 641 1205 702 tem·

190 725 317 808 pestiva
338 723 483 800 fuerunt,
507 743 588 806 quae
611 723 736 787 utinam
759 724 939 805 potuissem
963 725 1067 790 obire!
1108 725 1232 791 Nihils

191 812 275 876 enim
302 811 368 874 iam
396 811 636 894 acquirebatur,
664 812 827 874 cumulata
854 815 947 876 erant
973 812 1083 876 officia
1106 815 1205 897 vitae,

189 922 263 964 cunr
294 898 425 964 fortuna
457 898 544 962 bella
578 897 755 964 restabant
810 897 916 974 Quare
947 900 975 964 si
1007 901 1081 984 ipsa
1117 903 1204 966 ratio

189 988 295 1052 minus
327 986 484 1070 perficiet,
516 989 552 1050 ut
583 989 720 1051 mortem
751 987 926 1071 neglegere
957 989 1138 1072 possimus,
1171 993 1205 1054 at

188 1077 257 1140 vita
276 1078 349 1140 acta
370 1073 528 1158 perficiat,
551 1078 588 1138 ut
607 1073 686 1138 satis
705 1095 863 1158 superque
882 1075 1001 1140 vixisse
1023 1076 1204 1142 videamur.
1268 1105 1269 1180 6

189 1163 391 1246 Quamquam
410 1163 496 1226 enim
514 1183 626 1226 sensus
646 1161 772 1246 abierit,
790 1166 901 1228 tamen
919 1165 988 1228 suis
1007 1167 1039 1228 66
1057 1167 1203 1248 propriis
1219 1191 1243 1229 1o

188 1251 283 1316 bonis
306 1249 411 1314 laudis
430 1252 463 1312 et
485 1249 621 1333 gloriae,
645 1250 792 1333 quamvis
810 1273 876 1316 non
896 1253 1054 1334 sentiant,
1077 1255 1202 1318 mortui

188 1360 254 1404 non
277 1340 395 1402 carent
439 1335 513 1400 Etsi
541 1337 626 1402 enim
654 1337 737 1401 nihil
761 1338 894 1402 habet
884 1361 918 1404 1n
941 1361 976 1402 66
1000 1340 1119 1424 gloria,
1147 1363 1203 1406 cur

135 1430 303 1555 466666666
284 1429 370 1508 6,666
392 1429 508 1490 tamen
534 1426 687 1490 virtutem
715 1429 883 1510 tamquam
906 1428 1023 1492 umbra
1046 1430 1202 1514 sequitur.
1268 1481 1269 1536 ,

135 1491 332 1616 ’,4601166666
350 1476 568 1578 multitudinis
591 1513 745 1578 iudicium
764 1514 803 1578 de
826 1515 966 1580 bonis
939 1537 967 1578 s1
991 1516 1121 1598 quando
1142 1523 1203 1600 666,
1268 1537 1269 1620 6

137 1569 293 1687 110magis
321 1601 518 1667 laudandum
545 1606 596 1666 est
621 1623 718 1686 quam
748 1601 799 1665 illi
831 1602 872 1666 ob
905 1624 977 1667 eam
1004 1625 1073 1668 rem
1104 1569 1269 1676 beatis}

187 1691 262 1758 Non
284 1713 417 1776 possum
441 1693 550 1756 666666
570 1689 688 1772 dicere,
710 1690 955 1774 quoquomodo
977 1691 1040 1756 hoc
1063 1693 1203 1778 accipie
1268 1677 1269 1758 l

187 1783 254 1864 tur,
272 1779 467 1864 Lycurgum,
490 1777 641 1844 Solonem
660 1778 771 1862 legum
789 1800 806 1842 e
808 1779 988 1862 tpublicae
1007 1780 1203 1864 disciplinae
1268 1789 1269 1862 6

188 1889 295 1934 carere
327 1868 446 1952 gloria,
477 1866 623 1932 Themist
608 1866 740 1944 toolem,
772 1866 1031 1951 Epaminondam
1063 1870 1203 1935 bellicae
1268 1875 1269 1884 ‘

187 1957 298 2022 virtut
289 1978 325 2021 rs.
362 1953 449 2020 Ante
472 1954 559 2018 enim
579 1917 775 2018 Salaminii
765 1977 871 2055 ipsam
888 1955 1060 2040 Neptunus
1082 1958 1203 2023 obruet

188 2067 284 2129 quam
310 2042 480 2109 Salaminii
506 2043 632 2126 tropaei
654 2043 857 2128 memoriam,
884 2044 1038 2128 priusque
1059 2043 1269 2114 Boeotiaao

187 2133 287 2197 Leuat
273 2136 324 2196 tra
359 2131 477 2195 tollent
464 2135 518 2195 tur
553 2151 651 2214 quam
690 2151 818 2215 pugnae
854 2127 1043 2198 Leuctricae
1081 2133 1202 2218 gloria
1268 2163 1269 2208 6

186 2219 292 2285 Multo
312 2221 452 2284 autemt
437 2218 562 2284 tardius
572 2217 669 2284 fama
686 2220 812 2284 deseret
832 2217 980 2303 Curium,
1002 2219 1201 2306 Fabricium,
1268 2217 1269 2308 6

187 2303 386 2390 Calatinum,
413 2307 475 2372 duo
503 2305 683 2392 Scipiones,
712 2307 774 2372 duo
799 2307 986 2392 Africanos,
1008 2307 1201 2394 Maximum,
1268 2293 1269 2380 l

186 2396 389 2474 Marcellum,
411 2395 562 2474 Paulum,
585 2394 754 2479 Catonem,
777 2395 932 2480 Laelium,
952 2397 1201 2497 innumerabilis

128 2554 133 2561 ,
187 2486 283 2569 alios,
314 2507 450 2569 quorum
480 2445 594 2562 similit
580 2484 724 2549 tudinem
754 2485 895 2568 aliquam
925 2484 981 2570 qui
1012 2485 1201 2571 arripuerit,
1214 2513 1239 2552 ss
1268 2507 1269 2542 6

185 2597 251 2639 non
287 2595 357 2639 eam
394 2572 483 2638 fama
513 2572 675 2656 populari,
711 2571 782 2636 sed.
799 2594 885 2638 vera·
907 2574 1065 2638 bonorum
1103 2574 1201 2640 laude

186 2663 322 2728 metiens
349 2660 461 2726 fidenti
489 2660 609 2744 auimo,
637 2660 664 2725 si
691 2661 739 2724 ita
761 2681 812 2725 res
839 2661 936 2746 feret,
965 2660 1137 2746 gradietur
1160 2664 1202 2728 ad

185 2753 337 2833 mortem,
375 2749 409 2814 in
441 2771 504 2834 qua
536 2752 593 2814 aut
630 2769 791 2813 summum
822 2749 943 2814 bonum
979 2753 1036 2814 aut
1070 2751 1200 2816 nullum

186 2839 307 2904 malum
340 2859 410 2902 esse
442 2837 659 2923 cognovimus.
705 2835 858 2902 Secundis
889 2859 966 2904 uero
998 2837 1066 2904 suis
1099 2839 1199 2914 rebus

185 2927 275 2992 volet
307 2927 404 2992 etiam
433 2926 530 3009 mori3
557 2945 624 2990 non
652 2924 737 2990 enim
764 2927 832 2990 tam
861 2927 1006 2990 cumulus
1033 2926 1198 2993 bonorum
1212 2953 1236 2993 ao

134 3014 363 3083 iniucundus
393 3036 464 3080 esse
490 3017 599 3096 potest
626 3035 721 3097 quam
744 3014 883 3079 molesta
905 3013 1058 3079 decessio.
1103 3015 1200 3082 Hanc

186 3104 378 3170 sententiam
408 3102 588 3187 significare
618 3102 747 3166 videtur
774 3099 913 3166 Laconis
943 3102 1002 3166 illa
1028 3123 1105 3186 vox,
1133 3106 1200 3188 qui,

185 3215 257 3259 oum
280 3189 426 3258 Rhodius
447 3189 621 3274 Diagoras,
644 3188 885 3274 Olympionices
901 3189 1037 3272 nobilis,
1059 3212 1126 3256 uno
1146 3193 1199 3257 die

185 3281 248 3347 duo
272 3303 346 3346 suos
369 3279 453 3344 filios
474 3279 614 3343 victores
633 3277 802 3362 Olympiae
825 3278 972 3357 uidisset,
944 3281 1133 3344 tuccessit
1157 3281 1198 3344 ad

186 3391 294 3434 senem
326 3373 359 3433 et
391 3353 585 3452 gratulatus:
627 3365 804 3450 Morere,
835 3327 1036 3451 Diagora,
1074 3367 1196 3455 inquit3
1211 3395 1235 3434 66

185 3458 275 3524 non
308 3457 407 3522 enim
439 3455 477 3519 in
508 3455 654 3520 caelum
687 3475 917 3520 ascensurus
955 3453 1014 3518 es?
1073 3421 1197 3542 Magna
1268 3457 1269 3464 '

185 3546 274 3628 haec,
293 3549 326 3609 et
342 3543 479 3608 nimium
497 3543 644 3625 fortasse,
665 3541 781 3608 Graeci
795 3547 914 3625 putant
929 3543 982 3608 rel
1000 3545 1071 3608 tum
1084 3546 1197 3627 potius
