2544 3952
170 237 237 300 428
367 234 664 291 TUSCULANARUM
683 233 986 289 DISPUTATIONUM

171 419 257 480 eum,
280 399 335 482 qui
357 398 531 462 haberetur
553 417 703 461 maxumo
726 397 875 461 ludorum
898 399 1056 479 apparatu
1073 397 1187 462 totius

171 483 326 550 Graeciae
348 486 549 565 celebritate3
572 507 648 550 narn
667 488 705 548 ut
721 484 789 549 illic
809 485 866 548 alii
884 485 1074 568 corporibus
1094 507 1187 549 exer·

171 574 279 638 citatis
304 574 445 660 gloriam
473 577 506 638 et
531 572 738 638 nobilitatem
766 593 902 637 coronae
929 575 1091 657 peterent,
1125 575 1185 637 alii

172 661 296 726 emendi
314 665 372 726 aut
389 660 547 726 vendendi
565 665 702 745 quaestu
718 664 751 724 ct
768 660 858 725 lucro
877 659 1077 744 ducerentur,
1096 665 1187 726 esset

171 753 280 815 autern
308 750 470 834 quoddam
496 769 598 834 genus
621 769 745 832 eorum,
772 747 868 832 idque
895 749 947 813 vel
970 750 1112 813 maxime
1136 751 1216 815 in-5

170 858 325 922 genuum,
348 838 405 921 qui
421 857 480 902 nec
502 836 651 920 plausum
670 857 731 900 nec
753 835 878 900 luorum
901 843 1104 922 quaererent,
1128 838 1185 902 sed

171 925 295 992 visendi
318 946 416 990 causa
438 925 585 989 venirent
612 923 818 1007 studioseque
845 925 1077 1009 perspicerent,
1106 926 1185 1010 quid

172 1017 322 1100 ageretur
350 1016 384 1078 et
409 1035 472 1096 quc
500 1011 621 1095 modo,r
638 1011 718 1074 item
745 1031 805 1074 nos
833 1013 925 1094 quasi
952 1013 988 1077 in
1018 1018 1184 1078 mercatus

171 1102 332 1187 quandam
364 1101 588 1166 celebritatem
620 1119 659 1162 ex
694 1098 774 1164 urbo
811 1099 918 1182 aliqua
954 1101 1000 1166 sio
1033 1101 1068 1164 in
1099 1101 1185 1166 hanc

171 1190 272 1255 vitam
300 1211 340 1255 ex
367 1190 433 1254 alia
459 1189 528 1254 vita
556 1191 589 1252 et
615 1189 742 1253 natura,
758 1187 921 1270 profectos
949 1188 1032 1253 alios
1060 1189 1185 1273 gloriae
1200 1215 1230 1254 ιο

172 1279 301 1356 servire,
319 1278 402 1342 alios
420 1277 588 1360 pecuniae,
607 1295 699 1340 raros
718 1295 790 1339 esse
808 1275 975 1360 quosdam,
994 1277 1050 1362 qui
1067 1279 1184 1342 ceteris

172 1366 319 1432 omnibus
348 1388 407 1449 pro
437 1365 540 1430 nihilo
569 1364 692 1428 habitis
720 1385 829 1427 rarum
857 1366 1008 1428 naturam
1039 1365 1185 1430 studiose

171 1455 385 1538 intumentum
415 1454 476 1519 hos
500 1475 535 1518 se
558 1453 721 1537 appellare
745 1450 926 1535 sapientiae
950 1452 1112 1518 studiosos
1136 1452 1186 1540 (id

171 1545 223 1606 est
240 1543 327 1606 enim
348 1541 591 1626 philosophos);
615 1543 648 1604 ct
664 1543 702 1603 ut
724 1540 793 1604 illic
814 1540 1078 1606 liberalissimum
1097 1546 1186 1607 esset

172 1634 317 1714 spectare
348 1630 432 1694 nihil
465 1630 528 1695 sibi
561 1628 797 1713 adquirentem,
833 1628 880 1693 sic
915 1629 950 1692 in
985 1630 1054 1694 vita
1085 1630 1185 1716 longe
1200 1657 1228 1696 15

172 1719 320 1784 omnibus
344 1718 459 1783 studiis
487 1717 794 1801 contemplationem
817 1719 925 1781 rer'um
952 1717 1186 1803 cognitionem·
1262 1728 1263 1736 ’

172 1829 234 1891 que
256 1810 430 1890 praestare.

238 1895 306 1961 Nec
323 1915 400 1960 vero
420 1893 626 1980 Pythagoras
648 1894 789 1959 nominis
814 1893 919 1958 solum
941 1894 1106 1980 inventor,
1128 1897 1187 1960 sed
1262 1931 1263 1946 κ

155 2005 279 2054 rerum
302 1984 401 2048 etiam
423 1984 567 2067 ipsarum
586 1982 800 2066 amplificator
822 1981 894 2046 fuit.
932 1981 1087 2058 Quicum
1108 1988 1188 2066 post

172 2071 258 2151 hunc
270 2070 451 2135 Phliasium
465 2092 646 2136 sermonem
659 2070 695 2134 in
705 2069 837 2134 Italiam
851 2071 1002 2154 venisset,
1015 2073 1188 2137 exornavit
1203 2100 1229 2138 sc

51 2213 55 2222 .
173 2181 244 2223 eam
268 2157 447 2242 Graeciam,
471 2179 553 2242 quae
575 2179 695 2244 magna
717 2158 805 2223 diota
826 2161 889 2236 est,
918 2161 952 2223 et
973 2159 1128 2242 privatim
1153 2165 1188 2225 et

171 2246 299 2332 publice
322 2246 611 2330 praestantissimis
631 2251 663 2310 et
680 2247 839 2312 institutis
858 2250 891 2311 et
903 2247 1048 2316 ,artibus
1084 2245 1187 2312 Cuius

172 2336 211 2399 de
234 2334 407 2418 disciplina
425 2333 512 2398 aliud
534 2337 661 2418 tempus
679 2334 779 2401 fuerit
796 2334 935 2400 fortasse
958 2334 1095 2400 dicendi.
1122 2333 1186 2400 Sed

173 2424 214 2487 ab
234 2423 368 2506 antiqua
386 2421 593 2506 philosophia
610 2445 712 2507 usque
732 2423 773 2489 ad
791 2421 965 2508 Socratem,
988 2425 1044 2508 qui
1062 2423 1186 2504 Arche·

172 2511 271 2596 laum,
289 2509 506 2595 Anaxagorae
522 2510 724 2597 discipulum,
743 2512 897 2595 audierat,
914 2513 1041 2577 numeri
1054 2517 1185 2578 motus·
1201 2537 1230 2578 25

172 2623 233 2685 que
255 2599 494 2681 tractabantur,
517 2601 550 2663 et
571 2599 655 2662 unde
678 2600 787 2664 omnia
810 2604 978 2665 orerentur
1007 2622 1111 2684 quove
1133 2622 1187 2665 re·

172 2688 329 2772 siderent,
367 2686 574 2770 studioseque
606 2687 648 2751 ab
684 2688 725 2751 iis
763 2686 903 2751 siderum
934 2688 1186 2773 magnitudines,

171 2773 357 2860 intervalla,
385 2796 496 2840 cursus
525 2775 778 2858 anquirebantur
809 2778 842 2840 et
873 2779 991 2839 cuncta
1022 2776 1186 2841 caelestia.

173 2863 321 2931 Socrates
340 2867 447 2928 autem
466 2861 589 2947 primus
608 2862 850 2945 philosophiam
869 2863 1039 2927 devocavit
1056 2885 1074 2926 e
1093 2865 1184 2927 caelo

172 2957 206 3017 et
226 2953 261 3017 in
284 2953 419 3018 urbibus
438 2951 622 3017 conlocauit
641 2953 673 3014 et
695 2951 729 3015 in
750 2949 864 3014 domus
883 2950 981 3014 etiam
1003 2951 1185 3015 introduxit
1198 2977 1227 3017 ao

88 3058 94 3076 ¹
172 3045 205 3104 et
228 3042 333 3126 coegit
356 3041 395 3106 de
417 3040 485 3104 vita
508 3043 541 3104 et
563 3039 708 3103 moribus
731 3038 888 3122 rebusque
910 3038 1005 3103 bonis
1032 3041 1065 3102 et
1087 3039 1184 3103 malis

120 3148 152 3198 11
173 3149 335 3214 quaerere.
380 3125 480 3192 Cuius
504 3127 674 3211 multiplex
696 3125 780 3192 ratio
806 3126 990 3210 disputandi
1013 3147 1185 3210 rerumque

134 3283 138 3292 ,
171 3217 312 3282 varietas
344 3219 378 3280 et
409 3215 531 3300 ingenii
564 3215 753 3300 magnitudo
786 3214 933 3279 Platonis
965 3215 1123 3280 memoria
1152 3219 1186 3279 et

170 3305 289 3370 litteris
313 3308 501 3369 consecrata
523 3305 618 3388 plura
644 3324 763 3388 genera
790 3303 896 3367 effecit
924 3301 1184 3368 dissentientium

170 3392 454 3476 philosophorum,
477 3413 494 3454 e
517 3392 634 3475 quibus
653 3412 713 3456 nos
736 3390 769 3454 id
792 3390 999 3474 potissimum
1018 3393 1182 3456 consecuti
1197 3417 1224 3458 ss
1259 3389 1260 3408 ³

171 3503 294 3565 sumus,
317 3502 380 3564 quo
400 3477 567 3545 Socratem
588 3501 682 3544 usum
702 3479 953 3562 arbitrabamur,
978 3483 1015 3542 ut
1037 3485 1182 3544 nostram

169 3568 234 3652 ipsi
258 3568 451 3633 sententiam
474 3571 670 3652 tegeremus,
698 3587 805 3632 errore
835 3565 916 3631 alios
943 3567 1123 3632 levaremus
1148 3572 1182 3632 ct

120 1954 153 2002 10
