2538 3956
365 223 432 276 LIB.
451 223 498 278 IV.
527 223 603 277 CAP.
624 213 710 277 1-4'.
739 227 754 288 ξ
773 228 859 277 3-7.
1049 219 1114 284 393

40 189 47 196 ,

104 386 225 450 missos
258 407 327 450 esse
359 385 500 469 legatos,
537 386 592 468 qui
624 407 696 449 cum
728 385 774 448 rei
809 383 958 467 publicae
989 384 1114 449 nullam

1 449 11 494 l
104 495 258 556 umquam
299 475 426 557 partem
467 474 654 558 attigissent
698 476 844 556 essetque
887 493 997 536 eorum
1033 473 1116 536 alter

1 597 3 666 ,
106 561 301 646 Cyrenaeus,
323 562 405 626 alter
419 561 627 645 Babylonius,
647 583 821 645 numquam
834 561 980 644 profecto
995 561 1115 624 scholis

1 693 2 696 κ
107 653 215 713 essent
243 650 374 714 excitati
399 671 503 733 neque
532 651 571 714 ad
599 650 679 714 illud
707 670 822 714 munus
853 649 959 732 electi,
977 648 1054 735 ,nisi
1081 649 1115 712 in

1 809 2 814 η
76 763 90 802 5
107 738 300 822 quibusdam
318 738 518 822 principibus
537 738 738 821 temporibus
759 737 824 802 illis
846 737 987 801 fuissent
1009 737 1118 800 studia

1 823 2 842 *
107 827 281 891 doctrinae.
319 825 471 902 Quicum
494 831 602 891 cetera
623 827 742 890 litteris
762 824 965 908 mandarent,
987 825 1043 889 alii
1065 825 1116 889 ius

107 914 215 996 civile,
244 914 301 978 alii
330 915 492 979 orationes
521 937 610 998 suas,
638 915 695 979 alii
717 917 926 980 monumenta
947 914 1116 995 maiorum,

106 1003 192 1066 hanc
212 1002 446 1085 amplissimam
466 1003 610 1068 omnium
629 1003 756 1086 artium,
777 1003 859 1066 bene
878 1001 1011 1072 vivendi·
1024 1001 1116 1065 disci-

108 1090 246 1174 plinam,
269 1091 338 1154 vita
360 1092 465 1175 magis
488 1113 585 1176 quam
608 1091 726 1155 litteris
749 1091 909 1174 persecuti
931 1094 1015 1154 sunt.
1051 1089 1152 1153 Ita-o

65 1199 170 1262 1oque
193 1179 280 1242 illius
299 1200 393 1244 verae
412 1179 632 1264 elegantisque
651 1178 892 1262 philosophiae,
905 1199 998 1262 quae
1021 1177 1117 1241 ducta

1 1277 3 1310 l
109 1289 128 1331 a
161 1265 293 1331 Socrate
320 1267 356 1330 in
382 1266 608 1350 Peripateticis
636 1267 740 1332 adhuc
765 1267 944 1350 permansit
972 1271 1004 1330 et
1031 1265 1117 1328 idem
1157 1265 1162 1274 ⁴

108 1354 173 1420 alio
202 1355 298 1419 modo
326 1354 507 1419 dicentibus
536 1355 666 1438 Stoicis,
694 1377 766 1420 cum
794 1355 979 1420 Academici
1007 1375 1116 1418 eorum

108 1443 345 1508 controversias
369 1443 599 1527 disceptarent,
627 1443 717 1508 nulla
743 1443 810 1507 fere
838 1447 914 1508 sunt
937 1446 993 1506 aut
1014 1464 1118 1525 pauca

108 1530 281 1596 admodum
313 1530 431 1595 Latina
462 1535 670 1596 monumenta
700 1531 767 1596 eive
797 1534 929 1614 propter
956 1530 1116 1614 magnitu-

64 1644 92 1685 15
109 1619 218 1682 dinem
244 1641 353 1683 rerum
381 1621 686 1703 occupationemque
714 1619 896 1702 hominum,
925 1619 992 1682 sive
1020 1618 1117 1682 etiam

108 1707 195 1790 quod
221 1707 380 1790 imperitis
409 1729 447 1772 ea
479 1709 610 1791 probari
641 1729 737 1790 posse
769 1728 834 1782 uon
867 1706 1117 1789 arbitrabantur,

108 1816 181 1862 cum
199 1795 330 1859 interim
348 1795 414 1860 illis
433 1796 603 1860 silentibus
623 1793 657 1860 O.
672 1795 854 1858 Amafinius
874 1794 981 1858 extitit
999 1793 1118 1876 dicens,

108 1883 197 1947 cuius
226 1883 317 1948 libris
345 1883 440 1949 editis
470 1887 631 1948 commota
659 1881 832 1947 multitudo
858 1881 996 1947 contulit
1019 1903 1053 1945 se
1077 1881 1117 1945 ad

108 1993 181 2034 eam
208 1972 415 2054 potissimum
443 1971 661 2054 disciplinam,
690 1971 757 2036 sive
785 1970 870 2053 quod
893 1975 964 2034 erat
987 1970 1118 2054 cognitu

65 2086 94 2125 ao
108 2059 286 2144 perfacilis,
313 2060 382 2124 sive
411 2061 495 2143 quod
527 2060 751 2125 invitabantur
784 2058 953 2124 inlecebris
989 2058 1118 2122 blandis

109 2147 296 2231 voluptatis,
315 2147 383 2212 sive
403 2149 511 2232 etiam,
530 2149 605 2233 quia
622 2147 705 2212 nihil
723 2150 793 2212 erat
809 2149 973 2231 prolatum
993 2146 1118 2230 melius,

1 2287 2 2292 1
108 2235 204 2318 illud,
232 2236 317 2319 quod
345 2237 619 2319 eratfteuebant.
673 2235 753 2300 Post
783 2234 980 2300 Amafinium
1010 2240 1152 2300 autema

108 2323 204 2387 multi
227 2323 370 2388 eiusdem
394 2324 512 2388 aemuli
535 2325 671 2389 rationis
688 2324 794 2388 multa
812 2345 884 2388 cum
906 2325 1118 2407 scripsissent,

108 2411 239 2495 Italiam
257 2415 363 2476 totam
382 2415 629 2495 occupaverrmt,
652 2411 799 2494 quodque
819 2431 1005 2474 maxumum
1025 2431 1117 2494 argu·

67 2526 94 2566 aa
109 2503 254 2563 mentum
273 2502 405 2564 estnon
424 2500 487 2563 dici
504 2499 564 2564 illa
582 2499 758 2581 subtiliter,
782 2498 865 2583 qnod
884 2502 917 2562 et
935 2503 1004 2562 tam
1021 2497 1118 2562 facile

109 2587 292 2651 ediscantur
314 2591 347 2652 et
369 2587 418 2652 ab
434 2587 571 2652 indoctis
594 2585 784 2670 probentur,
813 2586 845 2650 id
868 2585 915 2649 illi
938 2586 1118 2649 firmamen-

108 2679 179 2738 tum
203 2696 272 2739 esse
295 2674 486 2758 disciplinae
509 2679 634 2760 putant.

177 2761 239 2828 Sed
253 2763 412 2848 defendat,
427 2763 513 2848 quod
526 2765 660 2848 quisque
675 2762 787 2844 sentit,
806 2766 881 2826 sunt
895 2762 982 2826 enim
1000 2761 1117 2827 iudicia
1136 2762 1159 2823 4

108 2851 224 2935 libera3
247 2873 307 2916 nos
326 2852 513 2916 institutum
531 2851 713 2916 tenebimus
732 2850 892 2935 nullisque
911 2851 1005 2914 unius
1027 2850 1119 2914 disci·

68 2962 95 3003 ec
109 2939 218 3022 plinae
241 2939 369 3023 legibus
393 2939 554 3022 adstricti,
581 2941 697 3023 quibus
721 2938 756 3002 in
780 2938 990 3022 philosophia
1011 2959 1119 3002 neces·

110 3027 196 3092 sario
223 3049 410 3110 pareamus,
439 3027 516 3110 quid
544 3027 586 3091 sit
613 3027 648 3091 in
672 3049 796 3110 quaque
824 3050 859 3091 re
886 3027 1024 3090 maxime
1047 3047 1119 3108 pro·

108 3114 230 3198 babile,
258 3137 385 3198 semper
411 3115 619 3206 requiremus,
668 3115 760 3190 Quod
792 3137 864 3179 cum
897 3135 994 3196 saepe
1027 3113 1119 3198 alias,

109 3205 178 3266 tum
201 3225 304 3287 nuper
326 3203 360 3267 in
384 3201 567 3269 Tusculano
592 3202 735 3267 studiose
759 3205 892 3288 egimus.
931 3201 1046 3289 Itaque
1070 3224 1120 3266 ex·

108 3291 224 3372 positis
251 3290 352 3356 tridui
379 3290 652 3374 disputationibus
681 3295 813 3374 quartus
846 3291 913 3354 dies
941 3289 1003 3354 hoc
1036 3291 1120 3355 libro

69 3403 95 3443 ee
110 3379 320 3443 concluditur.
374 3377 420 3444 Ut
451 3380 537 3443 enim
568 3378 603 3442 in
639 3379 826 3443 inferiorern
863 3377 1119 3442 ambulationem

109 3465 338 3549 descendimus,
357 3466 442 3550 quod
460 3465 638 3530 feceramus
656 3465 741 3529 idem
757 3466 976 3549 superioribus
996 3466 1119 3546 diebus,

109 3556 181 3618 acta
205 3574 256 3618 res
280 3558 331 3617 est
354 3555 415 3618 sic:
