2568 3948
352 148 419 202 ιιι.
439 148 474 206 v.
501 149 720 204 casm-17.
749 155 905 215 §caasa
1066 151 1133 216 255

121 314 232 374 autem
254 311 282 375 is
302 311 403 376 animi
421 313 581 396 appetitus
601 335 620 376 a
638 313 797 395 principio
820 311 896 395 fuit,
918 317 955 377 ut
976 335 1026 397 ea,
1050 337 1130 398 quae

121 399 203 483 dixi,
226 420 323 482 quam
345 399 581 482 perfectissima
603 404 721 465 natura
745 400 952 484 haberemus,
977 403 1129 467 confiten-

121 486 200 550 dum
227 490 291 569 est,
319 509 391 551 cum
418 487 451 553 id
479 488 587 570 adepti
615 487 728 566 simus,
760 488 844 572 quod
872 490 1051 574 appetitum
1079 491 1130 572 sit,

13 649 14 656 ἵ
122 575 158 638 in
186 596 224 639 ec
253 575 345 658 quasi
372 576 407 638 in
433 575 548 640 ultimo
577 577 751 640 consistere
777 580 941 657 naturam,
972 581 1068 662 atque
1098 576 1132 640 id

13 687 15 738 ι
94 685 108 725 5
123 683 194 726 csse
213 683 376 726 summum
389 663 522 747 bonum3
542 663 627 747 quod
641 667 726 728 certe
739 665 925 728 universum
945 686 1003 729 sua
1017 669 1130 748 sponte

121 751 229 834 ipsum
249 751 356 834 expeti
379 754 411 814 et
432 755 530 835 propt
532 773 567 815 er
585 772 619 816 se
641 773 773 816 necesse
796 755 859 835 cst,
882 753 1032 836 quoniam
1056 757 1131 817 ante

122 838 324 903 demonstrat
309 841 380 902 tum
398 842 449 903 est
467 839 566 903 ctiam
589 839 785 924 singulas
757 861 825 904 erus
847 843 957 924 partes
980 861 1050 906 esse
1073 862 1175 924 per

122 947 157 990 se
180 930 276 1008 expet
262 926 385 991 t.endas
428 925 468 991 In
494 927 717 992 enumerandis
748 931 855 992 autem
878 929 1021 1012 corporis
1046 949 1129 992 oom—
1149 951 1185 998 ιι,

121 1014 226 1079 modis
250 1015 278 1078 si
284 1015 377 1098 quis
400 1015 662 1098 praetermissam
685 1038 705 1079 a
727 1015 822 1080 nobis
850 1016 983 1099 volupe
984 1019 1050 1080 tem
1072 1039 1129 1099 pu·

81 1101 254 1185 rotabit,
243 1123 278 1166 ιιι
301 1103 387 1166 aliud
410 1107 538 1186 tempus
562 1123 601 1167 ea
624 1103 770 1186 quaestio
792 1103 967 1168 differatur.
1011 1103 1131 1168 Utrum

122 1189 207 1254 enim
232 1190 276 1253 sit
293 1190 444 1274 voluptas
462 1191 497 1254 in
518 1191 560 1255 iis
582 1192 692 1274 rebus,
716 1213 795 1274 quas
814 1191 936 1273 primas
957 1192 1130 1256 secundum

120 1281 273 1342 naturam
291 1297 361 1342 csse
384 1279 535 1362 diximus,
557 1280 731 1359 recussit,
755 1279 796 1342 ad
819 1278 865 1360 id,
889 1280 973 1364 quod
992 1279 1128 1364 agimus,

120 1365 204 1429 nihil
227 1365 370 1430 interest
407 1365 442 1430 Si
466 1368 565 1449 enim,
587 1370 624 1430 ιιι
646 1366 727 1430 mihi
750 1366 878 1451 quidem
901 1367 1041 1451 videtur,
1063 1389 1129 1432 non

122 1452 229 1536 explet
256 1453 342 1518 bone
368 1457 503 1518 naturae
530 1454 692 1537 voluptas,
721 1454 790 1518 iure
813 1455 1041 1538 praetermissa
1065 1459 1128 1536 est3

13 1613 15 1632 Ι
80 1565 107 1606 15
122 1542 173 1606 sin
201 1544 311 1606 autem
338 1545 389 1606 est
413 1542 448 1606 in
474 1564 525 1625 ca,
554 1542 793 1625 quodquidam
815 1541 942 1626 volunt,
964 1543 1047 1607 nihil
1070 1543 1128 1606 im-

13 1635 15 1642 '
120 1629 211 1714 pedit
242 1630 327 1694 hanc
362 1633 508 1694 nostram
544 1628 863 1712 comprehensionem
894 1631 1011 1694 summi
1043 1630 1129 1697 boni.

121 1717 211 1794 Quae
239 1717 325 1781 enirn
353 1718 528 1782 constituis
556 1722 632 1782 sunt
661 1717 768 1801 prima
793 1721 940 1800 naturae,
969 1719 1010 1782 ad
1037 1739 1075 1781 ea
1102 1719 1130 1782 si

120 1806 272 1889 voluptas
301 1806 484 1889 accesserit,
510 1827 610 1870 unum
638 1804 768 1888 aliquod
796 1806 967 1869 accesserit
989 1826 1129 1870 commo·

122 1892 199 1956 dum
222 1894 367 1975 corporis
393 1915 497 1976 neque
521 1915 591 1958 eam
615 1892 879 1958 constitutionem
904 1894 1021 1957 summi
1043 1893 1129 1975 boni,

80 2003 205 2064 acquae
228 1984 278 2045 est
300 1982 481 2064 proposita,
503 1981 686 2046 mutaverit.

187 2068 233 2133 Ει
256 2068 361 2134 adhuc
383 2069 557 2152 quidem't
530 2093 541 2132 1
558 2091 577 2132 a
594 2069 688 2134 nohis
709 2090 880 2154 progressa
903 2071 987 2135 ratic
1012 2074 1069 2152 est,
1092 2093 1113 2133 u
1115 2040 1182 2165 ll}

120 2179 159 2220 ea
182 2157 311 2220 duceret
297 2161 351 2221 tur
378 2155 483 2221 omnis
511 2179 530 2220 a
558 2157 663 2240 prima
686 2159 962 2223 commendatione
985 2161 1129 2222 naturae

119 2245 215 2310 Nunc
233 2248 341 2310 autem
361 2245 481 2308 aliud'
471 2267 538 2308 1am
556 2249 727 2328 argument
713 2246 803 2309 tandi
821 2267 995 2346 sequamur
1017 2267 1129 2330 genus

122 2337 245 2399 utnon
268 2333 373 2397 solum
396 2333 472 2418 quia
495 2354 554 2397 nos
578 2332 765 2417 diligamus,
794 2333 849 2398 sed
878 2334 954 2418 quia
976 2333 1128 2416 cuiusque

13 2429 14 2506 Q
79 2448 106 2487 ss
120 2421 225 2504 part—is
247 2424 383 2486 naturae
402 2425 435 2485 et
458 2421 493 2484 in
512 2442 645 2504 corpore
663 2423 696 2484 et
718 2421 879 2486 inanimo
903 2443 961 2486 sua
985 2443 1128 2504 quaeque

13 2529 14 2532 ’
120 2509 170 2572 vis
203 2508 258 2591 sit,
289 2508 409 2574 idcirco
441 2507 477 2572 in
508 2508 560 2572 his
592 2509 687 2572 rebus
716 2530 838 2572 summe
870 2512 983 2573 nostra
1013 2511 1128 2590 sponte

120 2618 316 2662 moveamur.
361 2595 472 2681 'Atque
499 2599 537 2660 ut
564 2618 584 2659 a
611 2603 743 2678 corpore
767 2595 889 2674 ordiar,
919 2595 1061 2678 videsne,
1083 2600 1130 2678 ut,

121 2685 150 2748 si
173 2705 254 2769 qnae
273 2685 307 2749 in
325 2685 478 2748 membris
498 2706 598 2767 prava
617 2688 673 2748 aut
692 2683 860 2749 debilitata
879 2687 935 2748 aut
957 2685 1129 2748 imminuta

13 2829 14 2848 ,
121 2773 200 2855 sint,
222 2773 386 2838 occultent
407 2771 575 2836 homines?
589 2776 643 2848 ,ut
666 2772 765 2835 etiarn
789 2772 985 2837 contendant
1008 2775 1041 2836 et
1064 2773 1128 2836 ela·

13 2879 14 2934 ξ
77 2888 105 2927 ao
119 2861 249 2942 borent,
272 2859 301 2924 si
325 2861 450 2925 efficere
473 2860 614 2961 possint,
641 2863 678 2923 ut
705 2863 762 2923 aut
788 2881 854 2924 non
883 2862 1038 2943 appareat
1060 2881 1128 2924 cor·

13 2963 14 2978 *
119 2949 208 3100 poris
231 2910 345 3012 v'itium
367 2952 424 3012 aut
442 2969 538 3032 quam
557 2948 725 3012 minimum
745 2948 922 3030 appareat?
946 2947 1127 3099 multosque

119 3037 217 3100 etiam
247 3036 376 3101 dolores
405 3036 580 3101 curationis
608 3057 705 3100 causa
731 3035 971 3119 Ριιιθιιιιιιι
975 3036 1036 3118 ,si
1058 3036 1129 3118 ipse

119 3147 196 3190 usus
220 3126 437 3189 membrorum
460 3145 526 3189 non
547 3125 643 3189 modo
666 3145 733 3188 non
755 3124 873 3206 maior,
895 3143 1006 3188 verum
1030 3124 1127 3187 etiam

119 3214 224 3276 minor
250 3211 302 3277 lut
287 3216 378 3277 turus
407 3213 461 3294 sit,
489 3232 600 3292 eorum
627 3215 737 3275 tamen
768 3211 891 3295 specics
915 3211 955 3275 ad
977 3215 1128 3275 naturam

76 3327 104 3368 as
118 3299 322 3364 revertatur?
367 3300 512 3382 Etenim,
537 3321 609 3365 cum
632 3320 743 3364 omncs
766 3303 884 3364 natura
905 3303 993 3364 totos
1018 3320 1051 3362 sc
1075 3319 1128 3378 ex-

118 3388 275 3472 petendos
303 3393 433 3472 putent,
458 3409 518 3452 nec
546 3387 579 3452 id
607 3388 649 3451 cb
677 3387 774 3452 aliam
801 3408 886 3470 rem,
912 3387 966 3451 sed
996 3389 1128 3470 propter

118 3478 222 3560 ipsos,
244 3498 373 3541 necesse
393 3478 443 3540 cst
463 3476 530 3540 cius
554 3476 651 3539 etiam
674 3475 776 3558 partis
799 3478 932 3559 propter
954 3496 987 3538 se
1002 3475 1128 3558 expeti,
