2568 3948
178 186 246 250 224
341 187 388 241 Da
408 186 552 242 FINIBUS
571 185 752 242 BONORUM
770 184 817 240 ΕΤ
833 185 1019 242 MALOltUM

178 349 207 412 ei
232 349 405 413 secundum
432 352 583 413 naturam
612 369 682 412 esse
705 347 864 430 videatur,
895 347 1081 430 omniaque,
1105 365 1188 430 quae

178 437 353 501 secundum
384 441 533 502 naturam
566 436 646 519 sint,
683 435 907 500 aestimatione
929 435 1049 518 'aliqua
1080 433 1188 518 digna,

179 546 279 608 eaque
301 546 360 609 pro
385 546 436 602 eo,
464 527 621 608 quantum
649 524 684 588 in
706 544 831 607 quoque
856 522 899 587 sit
921 521 1087 606 ponderis,
1118 541 1187 586 esse

178 611 396 695 aestimanda,
423 633 567 696 quaeque
591 610 764 676 seeundum
786 615 938 675 naturam
961 611 1040 693 sint,
1065 610 1188 693 partim

151 777 155 786 ι
177 700 258 765 nihil
286 700 407 765 habere
434 700 469 763 in
497 721 567 763 sese
595 699 662 763 eius
687 699 909 782 appetitionis,
939 699 978 763 de
1005 718 1068 783 qua
1092 719 1214 782 saepes

178 788 244 853 iam
268 787 422 871 diximus,
451 807 532 870 quae
554 808 613 851 neo
635 787 773 851 honesta
794 807 854 851 nec
878 786 1056 851 laudabilia
1078 785 1188 850 dican-

177 881 243 959 tur,
270 875 404 958 partim,
432 896 515 960 quae
541 875 741 957 voluptatem
768 873 913 938 habeant
939 874 973 938 in
1001 874 1091 938 omni
1120 873 1186 938 ani·

178 967 300 1046 inante,
332 963 388 1028 sed
420 964 455 1028 in
482 962 612 1028 homine
644 962 804 1026 rationem
832 963 942 1046 etiam,
971 983 1009 1026 ex
1038 983 1076 1026 ea
1105 983 1188 1045 quae

179 1051 246 1114 sint
268 1054 359 1136 apta,
382 1072 420 1114 ea
442 1050 591 1129 honesta,
619 1071 658 1114 ea
679 1049 828 1134 pulchra,
856 1072 894 1114 ea
916 1049 1105 1132 laudabilia,
1128 1046 1189 1113 illa

178 1141 286 1202 autem
305 1139 471 1221 superiora
487 1137 651 1202 naturalia
668 1138 891 1221 nominantur,
913 1159 995 1222 quae
1015 1137 1188 1202 coniuncta
1203 1163 1230 1202 ιο

179 1248 251 1290 cum
277 1225 423 1290 honestis
450 1226 552 1290 vitam
580 1226 711 1290 beatam
737 1225 908 1309 perficiunt
940 1227 973 1289 et
1006 1225 1188 1290 absolvunt.

124 1325 158 1374 59
178 1313 330 1378 Omnium
359 1318 466 1378 autem
490 1334 601 1378 eorum
629 1312 884 1396 commodorum,
907 1313 1023 1398 quibus
1048 1334 1115 1377 non
1137 1312 1187 1376 illi

177 1401 251 1484 plus
274 1402 436 1485 tribuunt,
460 1401 516 1485 qui
537 1401 595 1466 illa
618 1401 704 1466 bona
726 1423 796 1465 esse
820 1400 944 1479 dicunt,
970 1423 1068 1484 quam
1091 1399 1188 1483 Zeno,

178 1489 233 1573 qui
251 1491 358 1573 negat,
377 1491 473 1574 longe
486 1489 804 1572 praestantissimum
818 1510 897 1571 esse,
914 1489 999 1572 quod
1013 1489 1188 1555 honestum

178 1581 265 1642 esset
291 1581 386 1661 atque
409 1576 586 1661 laudabile3
620 1577 676 1640 sed
708 1578 737 1641 si
762 1577 837 1640 duo‘
852 1576 990 1641 honesta
1019 1577 1188 1660 proposita
1203 1601 1229 1640 15

178 1665 257 1749 sint,
291 1666 431 1730 alterum
458 1687 531 1729 cum
559 1664 755 1747 valetudine,
788 1663 927 1728 alterum
959 1686 1033 1728 cum
1064 1665 1189 1747 morbo,

178 1773 245 1818 non
273 1774 343 1818 esse
371 1752 520 1834 dubium,
548 1752 588 1817 ad
611 1756 719 1816 utrmn
748 1773 858 1816 eorum
886 1755 1004 1817 natura
1027 1773 1087 1816 nos
1114 1753 1189 1835 ipsa

178 1840 354 1906 deductura
377 1841 435 1923 sit3
459 1840 515 1905 sed
537 1843 648 1904 tamen
670 1843 796 1904 tantam
818 1840 885 1904 vim
903 1861 973 1904 esse
996 1839 1188 1922 honestatis,

178 1931 368 2011 tantumque
391 1949 463 1992 eam
485 1927 581 1992 rebus
605 1927 754 1991 omnibus
776 1931 943 2010 praestare
966 1930 999 1992 et
1023 1927 1188 2009 excellere,

178 2020 215 2080 ut
237 2016 337 2080 nullis
359 2036 419 2079 nec
443 2015 608 2098 suppliciis
631 2035 691 2078 nec
712 2015 867 2097 praemiis
896 2014 1058 2079 demoveri
1080 2015 1188 2099 possit
1203 2041 1228 2080 ao

179 2125 217 2167 ex
244 2125 297 2186 eo,
325 2102 409 2186 quod
436 2105 559 2166 rectum
582 2123 652 2166 esse
675 2102 866 2186 decreverit,
897 2102 1082 2186 omniaque,
1106 2125 1188 2187 quae
1274 2147 1275 2152 κ

179 2191 271 2274 dura,
299 2189 456 2273 difficilia,
486 2190 620 2254 adversa
652 2189 835 2273 videantur,
867 2212 905 2255 ea
932 2189 1106 2256 virtutibus
1136 2191 1189 2270 iis,
1273 2229 1274 2256 r

180 2278 296 2362 quibus
320 2300 340 2342 a
362 2281 480 2343 natura
504 2299 645 2343 essemus
669 2279 789 2360 ornati,
817 2278 924 2343 obteri
945 2299 1054 2363 posse;
1077 2282 1189 2359 n0n†
1272 2303 1273 2349 l

177 2365 291 2430 faciles
323 2365 396 2429 illas
429 2365 557 2449 quidem
593 2387 654 2430 nec
688 2365 940 2430 contemnendas
973 2364 1065 2451 (quid
1102 2368 1189 2432 enim
1271 2391 1272 2445 l

179 2457 264 2519 esset
295 2454 330 2518 in
360 2454 480 2520 virtute
511 2453 689 2537 tantuml),
723 2453 780 2518 sed
810 2457 848 2518 ut
874 2453 936 2518 hoo
963 2454 1188 2534 indicaremus,
1203 2479 1228 2520 rs
1270 2485 1271 2539 p

178 2563 244 2606 non
268 2562 337 2607 esse
361 2541 458 2606 iniis
481 2546 609 2625 partem
632 2542 807 2605 maximam
835 2541 978 2624 positam
1005 2542 1101 2606 beate
1131 2546 1189 2607 aut
1268 2563 1270 2635 4

124 2649 161 2697 eo
181 2651 271 2694 secus
290 2629 426 2693 vivendi.
462 2629 515 2693 Ad
534 2650 692 2693 summam
712 2650 757 2712 ea,
778 2649 860 2712 quae
880 2629 966 2694 Zeno
986 2630 1189 2696 aestimanda
1268 2641 1269 2644 ’

179 2720 211 2780 et
243 2717 398 2781 sumenda
431 2720 463 2782 et
495 2721 572 2802 apta
599 2720 733 2782 naturae
766 2736 836 2780 esse
868 2716 961 2795 dixit,
994 2717 1105 2782 eadem
1138 2718 1189 2782 illi

178 2805 265 2869 bona
293 2804 473 2887 appella-nt,
501 2805 602 2869 vitam
630 2807 738 2868 autem
766 2804 896 2868 beatam
918 2805 967 2868 illi
990 2827 1076 2889 eam,
1105 2827 1188 2890 quae

180 2894 343 2956 constaret
370 2913 408 2956 ex
436 2891 476 2955 iis
503 2893 613 2975 robae,
645 2913 724 2974 quas
757 2891 836 2974 dixi,
869 2896 926 2955 aut
952 2893 1100 2976 plurimis
1130 2899 1188 2959 aut
1202 2919 1225 2960 so

180 2979 391 3064 gravissimis.
428 2979 515 3044 Zeno
539 2983 661 3061 autem,
683 2979 768 3062 quod
787 3001 891 3064 suam,
915 2980 1000 3063 quod
1023 2982 1189 3064 propriam

179 3068 319 3150 speciem
342 3067 475 3150 habeat,
498 3089 555 3132 our
574 3067 788 3151 appetendum
807 3068 862 3148 sit,
885 3066 919 3130 id
938 3068 1044 3132 solum
1067 3069 1188 3134 bonum

179 3155 333 3238 appellat,
356 3155 488 3219 beatam
512 3158 621 3220 autem
644 3155 745 3218 vitam
769 3175 840 3218 eam
864 3155 981 3235 solam,
1010 3177 1187 3240 quaecum
1261 3123 1264 3207 l

179 3243 301 3307 virtute
325 3242 469 3326 degatur.
1260 3245 1263 3294 J

102 3335 168 3402 ,22
246 3328 281 3394 si
312 3329 351 3394 de
383 3350 418 3393 re
450 3329 622 3413 disceptari
655 3332 801 3413 oportet,
832 3331 922 3396 nulla
954 3332 1035 3397 mihi
1071 3336 1226 3416 tecum,a

179 3415 275 3501 (lato,
301 3420 411 3500 potest
434 3415 505 3482 esse
527 3417 696 3484 dissensio.
741 3417 835 3483 Nihil
860 3423 909 3484 est
931 3419 1031 3502 enirn,
1061 3421 1187 3505 dequo

180 3505 275 3569 aliter
302 3509 339 3570 tu
362 3506 483 3571 sentias
507 3509 603 3590 atque
627 3526 702 3590 ego,
727 3506 822 3570 modo
846 3509 1054 3572 commutatis
1077 3508 1187 3574 verbis
