2564 3950
153 248 218 311 252
315 248 363 302 ΒΕ
382 246 526 302 FINIBUS
545 245 724 308 BONOPaUM
742 245 790 298 ΕΤ
808 243 991 300 MALORUM

153 429 313 474 summum
335 409 456 475 bonum
479 409 514 473 in
537 429 669 492 corpore
697 409 760 490 est,
787 410 911 470 utnon
940 405 1055 470 inseite
1080 404 1164 469 illud

152 496 273 562 dietum
305 497 451 562 videatur
481 497 516 561 in
548 517 619 579 sue,
651 496 793 559 animum
825 494 874 557 illi
906 492 1020 576 pecudi
1048 493 1163 558 datum

102 588 212 668 lepre
236 585 316 667 sale,
338 606 379 650 ne
397 584 580 669 putisceret.
617 581 699 647 Sunt
718 586 826 646 autem
844 581 969 646 bestiae
992 581 1163 665 quaedam,

153 673 187 736 in
209 672 325 757 quibus
349 673 435 736 inest
457 671 580 756 aliquid
599 671 705 734 simile
723 670 866 753 virtutis,
889 669 980 734 utin
1001 668 1163 751 leonibus,

152 763 190 824 ut
220 761 255 825 in
285 760 433 842 canibus,
464 759 499 823 in
530 757 634 842 equis,
670 759 703 822 in
740 757 856 841 quibus
887 778 953 822 non
987 778 1191 840 corporuma

153 847 271 930 solum,
294 852 331 912 ιιι
353 848 388 912 in
410 847 536 930 suibus,
566 845 622 910 sed
649 846 747 910 etiam
775 845 955 910 animorum
982 844 1093 928 aliqua
1123 865 1163 908 ex

154 941 247 1019 parte
279 938 386 1000 motus
420 935 576 1019 quosdam
610 933 763 998 videmus.
820 931 861 997 In
890 932 1033 997 homine-
1053 935 1162 995 autem

155 1045 281 1089 summa
304 1023 408 1088 omnis
433 1022 533 1087 animi
555 1025 606 1088 est
627 1024 662 1085 ει
682 1021 715 1086 iu
735 1023 842 1086 animo
861 1020 1014 1104 rationis,
1037 1041 1077 1084 ex
1098 1041 1164 1102 qua

154 1112 257 1175 virtus
289 1114 352 1193 est,
384 1131 466 1194 quae
496 1110 632 1175 rationis
670 1108 831 1173 absolutio
867 1106 1030 1190 definitur,
1062 1128 1162 1190 quam

155 1198 254 1284 etiam
277 1200 372 1281 atque
396 1198 494 1260 etiam
517 1197 739 1280 explicandam
761 1198 886 1280 putant.

101 1299 135 1345 39
220 1283 343 1349 Earum
370 1285 469 1348 etiam
495 1305 615 1368 rerum,
642 1306 723 1368 quas
751 1288 840 1348 terra
867 1283 985 1368 gignit,
1013 1281 1163 1346 educatio
1273 1293 1274 1322 ³

154 1371 311 1456 quaedam
335 1375 368 1436 et
388 1371 544 1456 perfectio
573 1374 716 1436 estnon
742 1371 909 1436 dissimilis
940 1369 1163 1435 animantium.

153 1459 267 1543 Itaque
289 1463 322 1524 et
341 1457 471 1524 ‘vivere'
490 1460 590 1524 vitem
609 1463 641 1522 et
664 1458 769 1524 ‘mori’
791 1458 927 1524 dicimur
951 1458 1163 1541 arboremque
1273 1495 1274 1514 ι

155 1553 188 1614 ει
215 1547 401 1614 ‘novellam’
429 1550 463 1612 et
489 1546 654 1612 ‘vetulam'
682 1551 715 1611 et
741 1544 873 1630 ‘vigere'
904 1549 937 1610 et
964 1543 1164 1611 ‘senescere'.

154 1636 205 1702 Ex
227 1658 290 1720 quo
312 1658 378 1701 non
401 1639 450 1702 est
473 1636 624 1718 alienum,
648 1638 686 1700 ut
707 1633 940 1715 animantibus,
968 1632 1014 1698 sic
1039 1632 1106 1697 illis
1129 1635 1164 1696 ει
1178 1659 1203 1698 15

155 1730 233 1808 apta
256 1724 411 1808 quaedam
431 1723 471 1788 ad
488 1728 638 1789 naturam
661 1725 776 1806 putare
797 1724 830 1786 et
849 1720 967 1804 aliena,
991 1741 1162 1804 earumque

155 1812 372 1896 augendarum
404 1816 437 1876 et
469 1811 653 1876 alendarum
686 1810 847 1894 quandam
884 1809 1051 1874 cultricem
1082 1829 1164 1892 esse,

155 1922 236 1984 quae
260 1901 303 1965 sit
327 1900 462 1964 scientia
485 1904 581 1983 atque
600 1920 652 1963 ars
671 1897 900 1982 agricolarum,
923 1918 1004 1981 quae
1027 1898 1163 1962 circum·

156 1987 256 2070 cidat,
279 1989 438 2070 amputet,
462 1987 580 2070 erigat,
603 1985 752 2069 extollat,
775 1985 997 2067 adminiculet,
1022 1988 1071 2068 ut,
1098 2006 1163 2068 quo

155 2079 273 2139 natura
295 2075 392 2158 ferat,
415 2096 452 2138 eo
476 2075 603 2157 possint
625 2074 685 2157 ire,
708 2076 745 2137 ut
772 2074 861 2156 ipsae
890 2074 987 2155 vites,
1015 2073 1044 2136 si
1072 2071 1162 2154 loqui
1177 2099 1203 2138 ro

156 2161 296 2244 possint,
323 2163 371 2225 ita
394 2182 428 2226 se
454 2160 641 2225 tractandas
668 2160 865 2245 tuendasque
892 2182 962 2225 esse
989 2159 1163 2225 fateantur.

156 2248 200 2312 Et
221 2269 308 2314 nune
330 2248 473 2332 quidem,
495 2248 580 2332 quod
598 2269 670 2312 eam
691 2251 814 2331 tuetur,
837 2252 874 2313 ut
895 2248 934 2313 de
952 2247 1017 2312 vite
1035 2247 1163 2333 potissi-

156 2358 244 2401 mum
267 2337 395 2421 loquar,
418 2337 523 2401 estid
546 2337 757 2420 extrinsecum
787 2336 819 2400 in
843 2336 916 2420 ipsa
939 2336 1025 2401 enim
1048 2356 1164 2419 parum

156 2445 276 2510 magna
302 2425 350 2489 vis
377 2424 476 2508 inest,
503 2429 540 2489 ιιι
567 2447 663 2509 quam
692 2425 814 2508 optime
841 2445 875 2489 se
902 2422 1020 2488 habere
1047 2422 1164 2507 possit,

103 2533 138 2581 40
157 2512 186 2577 si
216 2512 307 2582 nulla
338 2513 465 2578 cultura
497 2513 696 2580 adhibeatur.
750 2511 796 2576 At
827 2533 902 2576 vero
935 2512 963 2575 si
991 2510 1032 2575 ad
1063 2511 1164 2575 vitem
1178 2538 1205 2576 aa

68 2664 70 2668 .
157 2621 269 2666 sensus
299 2601 485 2684 accesserit,
513 2605 551 2664 ut
583 2601 761 2684 appetitum
791 2598 950 2684 quendam
978 2598 1101 2664 habeat
1130 2602 1164 2664 et

156 2707 214 2769 per
241 2708 275 2752 se
304 2689 376 2770 ipsa
405 2692 586 2770 moveatur,
613 2688 691 2770 quid
717 2687 877 2752 facturam
903 2686 1025 2771 putas?
1051 2708 1093 2752 an
1116 2707 1164 2768 ea,

157 2795 238 2856 quae
260 2795 319 2856 per
340 2775 512 2841 vinitorem
535 2779 632 2840 antea
654 2776 924 2859 consequebatur,
945 2795 1004 2858 per
1025 2795 1061 2838 se
1092 2773 1164 2856 ipsa

157 2860 304 2924 curabit?
341 2859 403 2925 Sed
422 2861 552 2926 videsne
570 2883 771 2926 accessuram
789 2864 820 2927 ei
844 2883 968 2945 curam,
991 2865 1027 2926 ut
1050 2882 1163 2926 sensus

157 2970 397 3102 titiana
415 2950 958 3104 {circinationem
982 2949 1071 3101 ii?
1101 2970 1164 3100 rt
1177 2975 1205 3014 ³⁰

157 3145 283 3207 semper
315 3123 444 3208 habuit,
475 3125 589 3210 iunget
619 3147 671 3208 ea,
703 3146 784 3210 quae
815 3127 930 3208 postea
959 3058 1166 3206 acees'seiina

156 3234 215 3277 nee
239 3211 374 3278 eundem
392 3213 489 3276 finem
511 3212 659 3296 habebit,
680 3235 777 3297 quem
795 3213 899 3278 cultor
915 3212 989 3278 eius
1012 3210 1165 3286 habebat,

157 3300 213 3364 sed
245 3300 333 3365 volet
364 3299 537 3364 secundum
568 3321 640 3364 eam
671 3304 834 3383 naturam,
872 3321 953 3383 quae
983 3302 1099 3382 postea
1134 3299 1165 3364 ei
1272 3295 1273 3387 t

157 3387 309 3452 adiuncta
336 3388 410 3472 erit,
437 3386 553 3452 vivere.
603 3386 657 3451 Ita
688 3387 804 3452 similis
832 3387 895 3452 erit
917 3387 946 3450 ei
973 3386 1047 3450 finis
1079 3385 1205 3469 boniac

157 3475 253 3555 atque
276 3478 372 3540 antea
395 3475 513 3558 fuerat,
534 3495 636 3557 neque
654 3473 740 3538 idem
759 3478 881 3557 tarnen3
903 3474 1075 3539 nonenim
1098 3473 1166 3538 iam

157 3558 267 3641 stirpis
294 3561 417 3627 bonum
445 3565 590 3646 quaeret,
617 3559 673 3626 sed
700 3560 859 3626 animalis.
912 3558 1008 3643 Quid,
1037 3559 1065 3624 si
1096 3581 1165 3625 non
