2544 3952
170 230 236 310 452
369 195 666 300 rusdmmxauu
683 243 984 299 orarurarrouou

169 406 394 472 beatissimum
422 409 521 472 etiam
552 408 708 473 dixerim?
760 407 914 474 Dolorem
928 427 1017 492 ⁴vcro
1049 406 1181 491 sapiens

170 496 378 560 extimescet?
402 497 430 560 is
449 497 535 560 enim
558 495 633 561 huic
652 498 791 562 maxime
810 495 987 561 sententiae
1009 500 1180 580 repugnat

169 584 254 650 Nam
273 587 386 648 contra
404 588 540 650 mortem
563 588 709 650 nostram
729 589 825 670 atque
844 586 1031 648 nostrorum
1051 587 1180 648 contra-

170 693 231 757 que
250 672 485 756 aegritudinem
504 675 537 737 et
550 673 689 756 reliquas
704 673 804 738 animi
820 671 1082 756 perturbationes
1098 673 1180 737 satis

170 781 240 826 esse
254 761 400 824 videmur
418 761 619 844 superiorum
634 762 756 826 dierum
771 759 1045 843 disputationibus
1060 761 1209 827 armatis

169 852 203 913 et
224 849 344 932 parati,
370 848 463 912 dolor
482 869 551 916 esse
570 849 695 917 videtur
713 870 896 914 acerrumus
915 848 1045 913 virtutis
1070 848 1180 914 adver·

170 936 287 1020 sarius3
323 937 353 1001 is
390 937 538 1002 ardentes
569 937 655 1003 faces
694 937 848 1020 intentat,
879 937 908 1001 is
945 937 1180 1019 fortitudinem,

169 1024 426 1108 magnitudinem
447 1025 559 1109 animi,
581 1025 773 1110 patientiam
797 1037 831 1090 se
854 1024 1097 1090 debilitaturum
1120 1025 1179 1088 mi-

117 1128 150 1175 77
168 1116 273 1176 natur.
322 1111 407 1177 Huic
434 1113 535 1198 igitur
562 1115 748 1180 succumbet
768 1113 885 1196 virtus,
910 1111 986 1177 huic
1008 1114 1106 1178 beata
1129 1135 1179 1178 sa·

169 1200 288 1284 pientia
312 1205 345 1265 et
361 1201 548 1266 'constantis
570 1202 633 1267 viri
654 1203 723 1268 rita
746 1201 860 1268 cedet?
905 1201 1008 1278 Quam
1030 1206 1135 1284 turpe,
1159 1224 1222 1268 om

169 1289 202 1352 di
224 1287 314 1353 boni!
351 1289 448 1353 Pueri
471 1287 653 1373 Spartiatae
675 1311 741 1356 non
762 1291 984 1376 ingemescunt
1007 1289 1179 1355 verberum
1252 1343 1262 1360 t

169 1376 278 1442 dolore
314 1377 439 1442 laniati.
493 1376 757 1463 Adulescentium
790 1398 905 1464 greges
937 1376 1180 1444 Lacedaemone

169 1464 307 1530 vidimus
335 1465 398 1550 ipsi
424 1465 603 1531 incredibili
631 1467 837 1533 contentione
864 1465 1018 1530 certantis
1050 1467 1180 1551 pugnis,

169 1551 324 1636 calcibus,
351 1555 527 1639 unguibus,
554 1577 664 1621 morsu
687 1555 835 1640 denique,
861 1576 933 1619 cum
956 1555 1180 1619 exanimaren-

168 1644 223 1705 tur
244 1640 346 1725 prius,
373 1662 470 1725 quam
492 1642 595 1708 victos
619 1665 654 1708 se
682 1644 870 1708 faterentur.
915 1641 1004 1719 Quae
1026 1643 1179 1708 barbaria
1194 1669 1221 1710 15

167 1727 262 1793 India
288 1730 413 1794 vastior
439 1733 496 1795 aut
523 1733 705 1816 agrestior?
737 1731 771 1796 in
794 1753 832 1797 ea
860 1735 970 1795 tamen
994 1735 1090 1814 gente
1112 1732 1179 1815 pri·
1251 1742 1262 1767 ‘

168 1839 257 1882 mum
280 1819 324 1900 ei,
346 1819 401 1902 qui
425 1819 586 1902 sapientes
609 1819 784 1901 habentur,
811 1818 889 1884 nudi
913 1822 1053 1883 aetatem
1076 1823 1180 1904 agunt

168 1909 202 1969 et
220 1903 356 1970 Caucasi
377 1906 468 1971 nives
491 1907 726 1992 hiemalemque
749 1908 816 1972 vim
838 1906 1006 1992 perferunt
1030 1905 1099 1971 sine
1123 1907 1178 1972 do·
1261 1941 1262 1971 r

167 1994 248 2076 lore,
275 2015 410 2078 cumque
433 1995 474 2059 ad
500 1995 665 2060 flammam
688 2017 722 2061 se
746 1993 1002 2080 adplicavernnt,
1031 1995 1101 2060 sine
1124 2016 1178 2079 ge·
1260 2027 1261 2051 ÷

116 2102 149 2153 ‘18
167 2081 251 2146 mitu
283 2082 469 2148 aduruntur.
522 2082 674 2149 Mulieres
706 2105 785 2149 vero
813 2084 848 2148 in
878 2082 984 2167 India,
1021 2105 1094 2148 cum
1128 2088 1178 2148 est
1192 2108 1219 2147 so
1242 2129 1260 2166 4

168 2171 345 2234 communis
369 2192 479 2236 earum
502 2171 553 2235 vir
575 2176 735 2255 mortuus,
762 2173 798 2236 in
820 2175 982 2237 certamen
1009 2170 1177 2236 iudicium·
1249 2187 1259 2262 ζ

168 2279 229 2342 que
243 2257 384 2343 veniunt,
402 2281 499 2345 quam
517 2259 693 2344 plurimum
710 2261 767 2324 ille
786 2260 935 2325 dilexerit
953 2256 1075 2344 (plures
1091 2260 1177 2324 enim
1257 2263 1258 2293 ³

168 2347 305 2431 singulis
325 2347 430 2413 solent
448 2369 518 2413 esse
537 2346 686 2434 nuptae);
709 2370 791 2433 quae
809 2348 1005 2431 astrictum,
1029 2369 1068 2412 ea
1090 2347 1179 2414 laeta
1256 2349 1257 2373 ¹

166 2435 432 2518 proraequentibu
452 2437 520 2501 suis
537 2459 603 2502 una
621 2457 694 2502 cum
712 2438 781 2503 viro
802 2436 837 2503 in
855 2457 970 2522 rogum
989 2435 1178 2520 imponitur,

166 2524 224 2588 illa
249 2523 336 2589 ricta
363 2525 487 2590 maesta
515 2524 658 2590 discedit
707 2523 904 2609 Numquam
924 2527 1073 2589 naturam
1105 2546 1176 2590 mos
1191 2547 1217 2588 25
1253 2555 1254 2560 1

166 2613 320 2696 vinceret3
344 2615 394 2677 est
412 2613 496 2677 eninr
521 2633 559 2677 ea
582 2633 708 2697 semper
726 2613 861 2697 invicta,
884 2612 941 2677 sed
958 2633 1018 2678 nos
1041 2613 1179 2697 umbris,
1250 2565 1254 2697 i

167 2700 305 2783 deliciis,
337 2701 419 2784 otio,
455 2701 624 2786 languore,
661 2701 784 2766 desidia
820 2701 962 2766 animum
996 2700 1177 2784 infecimus,

168 2787 372 2872 opinionibus
417 2790 566 2874 maloque
611 2810 699 2854 more
745 2788 921 2854 delenitum
969 2789 1176 2856 mollivimus.

167 2875 405 2960 Aegyptiorum
435 2898 556 2942 morem
590 2877 661 2961 quis
693 2875 845 2962 ignorat?
876 2897 1011 2962 quorum
1042 2877 1177 2942 inbutae

167 2969 292 3029 mentes
310 2965 481 3049 pravitatis
501 2966 663 3030 erroribus
682 2965 829 3051 quamvis
848 2965 1066 3030 carnificinam
1085 2965 1176 3048 prius
1190 2989 1215 3028 ao

167 3052 337 3136 subierint,
373 3075 470 3138 quam
505 3053 586 3118 ibim
618 3056 674 3117 aut
705 3053 849 3137 aspidem
882 3057 938 3118 aut
969 3052 1085 3116 faelem
1119 3057 1178 3118 aut

167 3162 279 3205 canem
304 3145 361 3206 aut
383 3141 580 3206 crocodilum
597 3139 732 3224 violent,
755 3163 892 3225 quorum
914 3140 1042 3206 etiamsi
1065 3140 1177 3224 inpru-

166 3229 278 3294 dentes
308 3229 476 3313 quippiam
508 3228 658 3311 fecerint,
694 3251 832 3313 poenam
864 3229 987 3294 nullam
1018 3232 1176 3294 recusent.

114 3337 147 3386 ue
166 3316 214 3381 De
242 3316 427 3383 hominibus
449 3317 576 3401 loquor3
593 3317 702 3401 quid?
730 3317 854 3383 bestiae
875 3339 943 3382 non
969 3316 1086 3400 frigus,
1108 3337 1177 3383 non

164 3405 298 3488 famem,
320 3426 387 3470 non
408 3405 614 3490 montivagos
638 3409 733 3491 atquo
752 3406 909 3471 silvestris
928 3403 1040 3470 durans
1058 3405 1175 3470 lustra·
1189 3425 1213 3469 ss

165 3493 332 3578 tionesque
350 3493 541 3577 patiuntur?
558 3513 627 3558 non
644 3515 702 3576 pro
718 3515 776 3558 suo
789 3497 885 3578 partu
898 3493 946 3559 ita
959 3497 1175 3578 propugnant,
1229 3552 1233 3561 .

167 3583 203 3644 ut
229 3581 363 3646 vulnera
390 3579 563 3663 excipiant,
585 3581 692 3646 nullos
714 3580 868 3668 impetus,
892 3581 998 3648 nullos
1021 3582 1104 3648 ictus
1127 3603 1174 3647 re«
