2544 3952
162 219 228 284 412
359 218 656 276 TUSCULANARUM
672 217 974 276 DISPUTATIONUM

163 382 302 448 dedecet
353 381 406 447 An
435 383 497 447 tibi
526 381 622 447 irasci
651 385 721 446 tum
748 381 906 465 videmur,
934 403 1006 446 cum
1034 382 1111 466 quid
1142 383 1185 448 in

163 471 268 536 causis
287 471 448 546 aoriuaet
464 469 685 535 vehementius
709 468 867 534 dicimus?
891 467 989 554 quid?
1013 490 1083 534 oum
1107 471 1184 536 iam

161 559 257 624 rebus
275 559 451 624 transactis
465 562 498 623 et
515 557 698 642 praeteritis
714 557 879 622 orationes
897 557 1077 643 scribimus,
1094 581 1183 624 num

161 648 238 712 irati
261 646 454 713 scribimus?

228 754 369 856 Ecquis
392 770 463 836 hoc
487 767 787 836 animadvertit?
810 768 969 835 vincite!
1193 795 1211 836 s

162 935 240 978 num
272 916 329 978 aut
360 912 465 998 egisse
493 933 649 996 umquam
675 911 799 976 naum*
823 910 989 995 Aesopum
1018 915 1076 976 aut
1098 911 1177 977 scri-

162 1001 265 1084 psisse
288 1001 454 1066 existimas
476 1000 597 1065 iratum
619 997 776 1064 Accium?
820 998 971 1084 Aguntur
993 999 1058 1064 ista
1080 1022 1175 1084 prae·

163 1089 262 1172 clare,
286 1092 318 1152 et
340 1088 381 1153 ab
405 1091 532 1154 oratore
555 1086 684 1172 quidem
706 1087 834 1170 melius,
858 1087 885 1151 si
908 1087 1004 1152 modo
1029 1091 1079 1152 est
1102 1109 1174 1153 ora-

162 1181 228 1258 tor,
255 1197 351 1260 quam
379 1176 420 1240 ab
438 1177 515 1242 ullo
542 1175 717 1260 histrione,
743 1176 801 1260 sed
827 1178 967 1260 aguntur
993 1175 1110 1240 leniter
1139 1179 1175 1240 et

162 1266 271 1328 mente
297 1263 484 1346 tranquilla.
532 1261 714 1328 Libidinem
740 1286 817 1330 vero
844 1263 977 1330 laudare
1004 1265 1094 1329 cuius
1122 1269 1173 1330 est
1189 1289 1220 1329 ro

162 1351 329 1416 libidinis?
379 1351 631 1417 Themistoclem
658 1351 740 1417 mihi
767 1356 801 1417 et
829 1350 1070 1418 Demosthenen
1099 1374 1173 1435 pro·

162 1440 267 1522 fertis,
305 1439 423 1504 additis
461 1439 684 1524 Pythagoran,
719 1438 956 1524 Democritum,
991 1439 1173 1506 Platonem.

163 1527 269 1604 Quid?
298 1549 358 1593 vos
387 1528 495 1594 studia
523 1528 693 1594 libidinem
724 1528 868 1594 voeatis?
898 1549 979 1614 quae
1008 1528 1060 1593 vel
1090 1529 1174 1612 opti-

162 1638 289 1681 marum
306 1638 423 1701 remm
441 1619 478 1682 ut
491 1637 529 1682 ea
543 1619 628 1700 sunt,
647 1637 728 1701 quae
746 1617 908 1700 profertis,
931 1615 1044 1681 sedata
1061 1619 1174 1682 tamen

163 1709 196 1768 et
216 1706 393 1789 tranquilla
414 1725 489 1771 esse
509 1704 636 1771 debent.
680 1705 751 1770 Iam
774 1705 1009 1790 aegritudinem
1031 1703 1175 1789 laudare,
1189 1729 1218 1771 15

165 1815 260 1857 unam
286 1814 356 1858 rem
378 1775 532 1860 maxim?
544 1793 784 1876 detestabilem,
811 1815 947 1878 quorum
970 1795 1020 1857 est
1041 1793 1174 1858 tandem

162 1880 453 1965 philosophorum?
497 1882 544 1946 At
566 1880 733 1948 commode
755 1881 838 1947 dixit
860 1880 1029 1946 Afranius:

230 1999 325 2069 Dum
344 2004 453 2070 modo
473 2004 609 2070 doleat
627 2004 791 2089 dliquid,
813 2003 943 2070 doleat
960 1999 1174 2087 quidlubet.

162 2143 254 2208 Dixit
283 2144 370 2208 enim
396 2142 435 2208 de
463 2143 666 2210 adulescente
693 2145 819 2230 perdito
847 2167 884 2212 ac
913 2145 1084 2230 dissoluto,
1109 2167 1174 2212 nos

163 2234 272 2296 autem
300 2231 339 2296 de
366 2233 530 2296 constanti
555 2233 626 2298 viro
654 2254 692 2298 ac
719 2233 859 2316 sapienti
886 2233 1077 2317 quaerimus.
1126 2231 1217 2304 Etru

162 2320 292 2405 quidem
313 2319 419 2403 ipsam
441 2320 533 2385 illam
554 2321 637 2386 iram
655 2321 799 2388 centurio
820 2321 943 2386 habeat
960 2326 1018 2386 aut
1036 2321 1173 2406 signifer

162 2409 213 2474 vel
236 2410 347 2492 ceteri,
374 2407 412 2473 de
439 2409 556 2493 quibus
583 2409 648 2474 dici
669 2431 737 2474 non
758 2430 887 2476 necesse
910 2413 974 2494 est,
999 2431 1041 2474 ne
1063 2409 1175 2476 rheto-

161 2519 233 2561 mm
255 2497 443 2581 aperiamus
472 2497 638 2582 mysteria.
689 2496 779 2564 Utile
809 2501 860 2564 est
891 2498 976 2562 enirn
1002 2498 1051 2563 uti
1082 2501 1176 2563 motu

163 2585 277 2669 animi,
295 2585 350 2669 qui
368 2585 417 2650 uti
433 2586 559 2650 ratione
576 2606 643 2652 non
660 2588 781 2670 potest,
799 2607 860 2652 nos
879 2588 1001 2670 autem,
1023 2589 1061 2651 ut
1078 2586 1174 2651 testi·

161 2674 240 2737 fieor
263 2694 372 2757 saepe,
395 2672 433 2738 de
457 2673 602 2756 sapiente
625 2673 817 2759 quaerimus.
1187 2679 1216 2744 re

109 2731 152 2858 {66
228 2759 274 2825 At
301 2761 388 2826 enim
412 2762 566 2826 aemulari
596 2762 677 2827 utile
705 2764 768 2846 est,
795 2763 990 2846 obtrectare,
1017 2761 1174 2829 misereri.

162 2846 227 2914 Cur
249 2848 421 2914 misereare
448 2850 556 2934 potius
585 2872 684 2934 quam
710 2849 798 2916 feras
826 2871 934 2934 opem,
957 2850 985 2916 si
1008 2848 1042 2914 id
1064 2849 1174 2916 faeere

161 2936 290 3020 possis?
314 2958 356 3001 an
379 2937 447 3002 sine
470 2937 689 3004 misericordia
706 2938 857 3004 liberales
876 2959 948 3004 esse
969 2959 1036 3004 nou
1058 2960 1173 3022 possu-

162 3023 255 3088 mus?
303 3023 379 3090 Non
407 3025 493 3091 enim
516 3025 677 3110 suscipere
707 3026 771 3110 ipsi
794 3025 1014 3111 aegritudines
1039 3029 1176 3110 propter

162 3113 242 3177 alios
269 3112 437 3196 debemus,
465 3113 521 3178 sed
549 3113 645 3198 alios,
673 3114 702 3178 si
724 3135 911 3198 possumus,
938 3115 1045 3179 levare
1069 3114 1173 3198 aegri·
1187 3141 1214 3184 so

85 3227 89 3236 ⁴
160 3201 281 3267 tudine.
327 3199 516 3267 Obtrectare
538 3223 614 3267 vero
639 3202 734 3268 alteri
757 3206 815 3267 aut
839 3202 899 3266 illa
920 3202 1042 3267 vitiosa
1064 3224 1172 3267 aemu-

161 3287 292 3373 latione,
310 3310 392 3373 quae
410 3290 566 3354 rivalitati
585 3289 700 3356 similis
720 3294 778 3374 est,
801 3289 958 3356 aemulari
977 3289 1055 3375 quid
1072 3289 1174 3355 habet

160 3376 325 3461 utilitatis,
350 3399 423 3442 cum
446 3378 490 3442 sit
512 3377 704 3442 aemulantis
729 3379 807 3462 angi
831 3378 938 3444 alieno
961 3378 1063 3462 bono,
1087 3378 1177 3462 quod
1255 3383 1256 3427 l

160 3465 228 3547 ipse
251 3486 317 3530 non
339 3464 473 3543 habeat,
496 3465 709 3531 obtrectantis
729 3470 838 3531 autern
856 3467 934 3550 angi
952 3466 1059 3532 alieno
1077 3466 1174 3551 bono,

161 3551 244 3635 quod
269 3552 304 3617 id
322 3553 422 3618 etiarn
441 3553 523 3618 elius
546 3553 688 3618 habeat?
725 3552 786 3630 Qui
809 3553 842 3619 id
861 3554 1036 3638 adprobari
1059 3554 1210 3640 possitae
