2568 3948
153 207 219 272 200
278 247 281 258 ι
319 208 367 262 ΒΕ
386 207 532 264 FINIBUS
549 207 730 265 BONORUM
747 209 794 264 ET
813 209 995 265 MALORUM

151 366 274 436 primum
298 365 392 420 differt
415 370 485 436 (cap.
506 370 533 436 2)
556 369 666 422 tantum
691 367 800 437 dicens,
825 368 919 423 locum
942 369 977 422 de
1001 369 1164 438 republica

153 439 182 490 et
199 437 370 491 rhetoricam
388 453 406 490 a
424 438 535 491 Zenone
553 439 683 506 neglecta
702 454 776 507 esse,
796 453 867 506 quae
885 437 929 492 illi
948 439 1163 509 diligentissime

153 506 325 562 excoluerint
343 509 415 576 (cap.
430 510 465 575 3).
494 507 553 561 Nec
571 507 601 560 in
620 507 776 562 dialecticis
794 510 904 562 veteres
922 523 940 560 a
959 509 1059 563 Stoicis
1077 509 1162 577 vinci,

154 577 221 646 quin
253 581 342 632 artem
373 579 602 648 argumentorum
635 577 866 633 inveniendorum
898 579 933 632 ab
969 579 1013 634 his
1049 596 1162 650 prorsus

154 647 285 702 omissam
304 663 364 702 esse
384 651 454 717 (cap.
473 649 509 716 4).
553 647 672 716 Physica
690 648 803 702 illorum
822 645 932 703 Stoicos
949 649 1009 704 fere
1027 650 1057 704 in
1074 650 1162 704 mcxi-

153 718 206 772 mis
224 719 307 772 rebus
325 717 472 773 retinuisse
491 719 520 772 et
538 717 629 772 minus
648 717 759 788 copiose
779 735 838 773 esse
855 722 1016 788 persecutos
1035 723 1105 789 (cap.
1126 725 1161 788 ὅ).

154 787 298 842 Summum
312 790 406 842 autem
419 789 536 857 bonnm,
557 788 631 856 qnod
646 789 789 843 contineat
801 788 1025 858 philosophiam,
1042 793 1163 858 veteres,

152 858 314 928 planissime
332 858 525 926 Polemonem,
545 858 647 912 dixisse
667 875 727 912 esse
747 859 898 913 secundum
914 863 1043 914 naturam
1056 861 1161 931 vivere,

154 929 229 996 quod
248 945 310 983 cum
328 929 419 982 varias
439 929 555 982 haberet
572 928 833 998 interpretationes,
857 929 914 983 illis
933 946 995 984 eam
1013 931 1161 999 placuisse,

43 1059 46 1066 ¹
152 1001 185 1054 ut
202 1001 288 1068 esset,
313 998 440 1054 omnibus
463 1001 513 1054 aut
530 999 659 1054 maximis
677 1000 761 1054 rebus
779 999 827 1068 iis,
853 1015 924 1068 quae
943 1001 1094 1055 secundum
1113 1017 1162 1056 na-

152 1071 244 1124 turam
267 1071 372 1138 essent,
395 1069 535 1123 fruentem
557 1069 665 1138 vivere,
689 1087 806 1140 eumque
829 1069 915 1124 fuisse
943 1070 1106 1125 Xenocratis
1133 1073 1164 1126 et

152 1140 312 1193 Aristotelis
330 1140 414 1192 finem
432 1141 503 1208 (cap.
524 1142 559 1207 6).
597 1139 666 1194 Cum
690 1140 764 1194 enim
786 1140 871 1194 homo
891 1141 1036 1196 exanimo
1056 1143 1085 1194 et
1103 1158 1162 1196 cor·

152 1227 221 1278 pore
244 1210 399 1275 constaret,
423 1212 451 1263 et
474 1209 561 1262 animi
583 1212 613 1264 et
636 1210 761 1279 corporis
784 1210 923 1265 rationem
946 1227 994 1266 eos
1020 1211 1161 1280 habuisse,

153 1279 274 1347 sedita,
296 1281 329 1333 ut
350 1278 475 1334 animum
496 1278 605 1334 infinita
629 1281 751 1349 quadam
773 1281 857 1336 laude
876 1281 986 1350 corpori
1007 1283 1162 1352 praepone-

153 1351 228 1417 rent,
247 1349 333 1404 animi
347 1351 442 1404 autem
460 1351 535 1404 bona
552 1349 671 1406 virtutes
686 1367 759 1419 esse,
779 1367 897 1420 quarum
910 1352 1017 1406 semina
1031 1355 1165 1407 enatura

153 1421 221 1474 data
240 1422 333 1474 essent
352 1422 423 1490 (cap.
443 1422 478 1488 7).
516 1421 614 1490 Itaque
629 1422 768 1476 Zenonem
786 1422 857 1476 nihil
876 1422 1003 1476 attulisse
1022 1423 1089 1477 novi
1106 1423 1163 1476 nisi

152 1490 247 1544 inania
262 1490 400 1558 quaedam
413 1491 561 1545 verborum
576 1490 736 1546 discrimina
753 1495 823 1561 (cap.
839 1494 878 1560 8),
898 1492 997 1560 quibus
1011 1492 1041 1547 in
1054 1494 1162 1560 urbem,

153 1561 182 1614 in
200 1561 304 1628 forum,
322 1561 353 1615 in
371 1559 476 1615 curiam
495 1561 588 1616 aditus
606 1578 662 1615 non
681 1562 729 1628 sit,
748 1562 789 1617 ibi
807 1563 883 1632 ipsos
898 1561 1006 1617 Stoicos
1021 1563 1163 1618 communi

153 1647 230 1686 more
248 1630 327 1700 loqui
344 1633 416 1700 (cap.
432 1634 467 1699 9).
495 1632 555 1685 Iam
569 1631 666 1688 Cicero
685 1633 799 1702 propius
813 1633 850 1687 ad
868 1649 916 1699 aa,
935 1649 1006 1702 quae
1025 1633 1162 1688 aCatone

154 1702 230 1756 dicte
258 1703 350 1770 erant,
378 1701 511 1757 accedere
535 1705 652 1758 conatur
676 1703 746 1772 illis,
773 1719 845 1772 quae
872 1703 1031 1758 communia
1059 1704 1161 1759 Stoicis

153 1774 218 1826 sunt
244 1787 307 1826 cnm
334 1771 470 1840 antiquis,
498 1773 578 1840 quasi
606 1773 744 1828 concessis
771 1776 861 1828 utens.
910 1773 1047 1839 Quoniam
1074 1774 1163 1843 igitur

152 1843 224 1897 hanc
251 1842 370 1912 primam
397 1843 549 1898 habeamus
576 1860 594 1898 a
620 1845 721 1898 natura
748 1843 964 1914 appetitionem,
991 1846 1023 1900 ut
1050 1846 1163 1898 nosmet

153 1913 228 1982 ipsos
247 1929 455 1981 conservemus,
475 1929 508 1966 ex
527 1912 620 1968 animo
639 1916 734 1969 autem
752 1915 781 1968 et
799 1931 915 1984 corpore
934 1915 1108 1983 constemus,
1127 1931 1162 1968 ex

153 1983 197 2036 his
225 1999 276 2036 nos
305 1986 435 2052 oportere
462 1982 503 2036 ait
530 1983 613 2037 finem
640 1983 742 2038 summi
766 1983 833 2040 boni
855 1984 1037 2052 constituere,
1064 1987 1096 2038 ut
1124 1985 1163 2038 sit

154 2069 263 2120 eorum,
282 2069 352 2120 ques
372 2053 429 2106 sint
447 2053 599 2108 secundum
617 2057 758 2122 naturam,
782 2070 866 2122 quam
888 2054 1010 2124 plurima
1028 2055 1057 2108 et
1076 2072 1161 2123 quam

153 2123 275 2176 maxima
293 2123 412 2191 adipisci
430 2125 501 2191 (cap.
522 2125 574 2192 10).
612 2125 720 2180 Stoicos
738 2125 773 2178 ab
792 2124 892 2180 iisdem
912 2124 1000 2178 initiis
1018 2125 1160 2193 profectos

154 2210 254 2262 corpus
278 2194 307 2246 et
329 2195 443 2247 externa
466 2195 613 2249 commoda
636 2195 801 2262 deseruisse,
826 2211 889 2248 cum
906 2197 1002 2248 tamen
1020 2195 1104 2249 homo
1124 2195 1163 2249 sit

154 2263 258 2316 animal
284 2261 377 2316 animo
406 2263 558 2331 excellens,
584 2281 641 2319 non
669 2265 744 2319 solus
771 2265 879 2318 animus
907 2267 978 2333 (cap.
1004 2269 1055 2331 11).
1101 2265 1160 2319 Nec

153 2349 266 2402 prorsus
298 2331 441 2387 obscurari
471 2332 522 2388 iila
554 2337 681 2403 externa,
709 2337 741 2389 ut
768 2334 855 2389 Stoici
884 2334 991 2402 dicant,-
1019 2335 1072 2388 etsi
1103 2351 1161 2390 non

154 2420 287 2472 magnum
314 2406 485 2457 momentum
510 2403 630 2472 faciant,
658 2407 699 2471 et,
731 2403 842 2459 etiamsi
873 2405 1066 2472 obscurentur,
1099 2421 1160 2458 esse

153 2475 247 2528 tamen
265 2471 295 2526 in
313 2489 422 2528 summa
439 2475 509 2542 (cap.
528 2477 581 2540 12).
617 2475 690 2528 Nam
708 2489 844 2528 summam
862 2474 985 2542 aliquam
1003 2473 1161 2528 faciendam

155 2560 213 2598 esse
228 2543 364 2610 omnium,
384 2559 454 2611 quae
467 2543 619 2598 secundum
632 2547 761 2600 naturam
779 2545 842 2598 sint.
870 2545 1022 2599 Praeterea
1036 2545 1161 2599 omnium

153 2616 315 2668 naturarum
342 2631 479 2667 summum
505 2613 610 2668 bonnm
637 2613 727 2668 simile
755 2631 815 2669 esse
842 2615 951 2670 debere.
1001 2615 1033 2668 In
1061 2615 1161 2670 ceteris

154 2686 248 2738 autem
266 2683 433 2738 animalibus
450 2683 494 2751 id,
514 2685 588 2752 qnod
607 2687 760 2740 extremum
777 2685 828 2753 sit,
850 2701 884 2740 ex
900 2687 963 2739 tota
981 2701 1076 2739 eorum
1096 2702 1160 2740 con·

154 2753 300 2808 stitutione
323 2753 404 2808 effici.
442 2754 520 2808 Idem
542 2754 630 2824 igitur
651 2753 681 2809 in
706 2755 817 2810 homine
835 2755 897 2809 fieri
915 2755 1025 2810 debere.
1061 2756 1162 2824 Itaque

155 2823 269 2892 Stoicis,
297 2823 320 2877 si
344 2840 458 2878 causam
480 2841 559 2879 suam
582 2824 708 2880 obtinere
731 2825 832 2892 velint,
855 2825 1002 2880 dicendum
1026 2841 1161 2880 essenon

155 2911 236 2948 omns
259 2893 364 2948 animal
386 2894 508 2963 primum
531 2910 560 2948 se
582 2897 675 2949 totum
698 2895 816 2966 diligere
839 2897 868 2948 et
891 2896 1163 2962 conservare'velle,

154 2965 203 3018 sed
225 2964 255 3018 id
273 2965 396 3031 tantum,
420 2963 496 3032 quod
517 2963 548 3018 in
571 2981 680 3032 quoque
699 2965 837 3035 optimum
859 2965 907 3034 sit,
934 2965 1009 3032 quod
1026 2965 1087 3020 fieri
1103 2982 1161 3020 non

153 3051 234 3104 posse
254 3036 325 3103 (cap.
346 3036 398 3102 13).
428 3033 578 3088 Hominem
595 3036 683 3089 talem
702 3035 856 3104 sapientiae
872 3035 1072 3104 perficiendum
1091 3051 1162 3102 esse,

154 3105 265 3173 qualem
288 3107 424 3159 enatura
448 3103 603 3173 acceperit,
631 3105 771 3174 accepisse
795 3108 889 3160 autem
912 3121 976 3158 eum
999 3107 1102 3173 totum,
1126 3122 1162 3158 ex

153 3175 296 3230 animost
319 3191 448 3242 corpore3
471 3177 600 3228 neutrum
623 3176 830 3246 neglegendum
852 3191 919 3231 esse.
956 3175 1161 3230 Perfectionem

153 3245 274 3299 hominis
297 3244 417 3298 maxime
440 3243 549 3297 laudari
566 3244 596 3298 in
615 3262 660 3312 eo,
684 3246 760 3314 quod
778 3246 808 3300 in
827 3245 940 3300 homine
960 3245 1097 3314 optimum
1116 3247 1161 3314 sit,

153 3315 182 3369 id
200 3317 244 3369 est
263 3315 294 3368 iu
306 3313 425 3379 virtute,
444 3314 494 3368 sed
512 3313 619 3383 priora,
638 3333 656 3370 a
676 3316 775 3384 quibus
790 3316 827 3371 ad
845 3317 915 3371 haec
928 3315 1051 3384 venerit,
1070 3316 1163 3370 deseri

151 3402 209 3439 non
236 3386 377 3454 oportere3
406 3383 528 3450 Stoicos,
562 3401 625 3438 cum
653 3387 689 3439 ad
717 3404 855 3442 summum
884 3387 988 3442 bonum
1015 3387 1162 3456 pervenire

152 3455 253 3522 velint,
271 3453 408 3508 naturalis
426 3453 608 3523 appetitionis
627 3455 756 3510 oblivisci
770 3460 840 3527 (cap.
857 3459 909 3526 14).
939 3455 1034 3511 Virtus
1051 3458 1162 3510 tantum

152 3525 250 3580 abesse
277 3525 309 3578 ut
332 3522 464 3578 constitui
486 3541 542 3578 non
565 3524 667 3594 possit,
695 3526 720 3580 si
748 3526 900 3594 quidquam
928 3528 1007 3580 extra
1035 3541 1098 3580 eam
1124 3525 1163 3578 ad
