2564 3950
141 260 208 325 250
306 261 353 314 DE
372 259 516 315 FINIBUS
535 254 714 315 BONORUM
732 259 779 313 ΕΤ
797 259 979 314 MALORUM

141 427 180 488 ut
206 423 343 487 excellat
370 422 457 505 aliis,
485 423 691 506 animumque
719 423 767 487 ita
794 423 1022 504 constitutum,
1051 426 1089 486 ut
1117 425 1150 486 et

143 512 290 576 sensibus
313 511 489 575 instructus
508 511 552 573 sit
570 515 603 575 et
624 510 744 574 habeat
765 510 999 594 praestantiam
1020 510 1150 592 mentis,

142 600 194 663 cui
216 601 288 664 tota
309 597 450 662 hominis
472 601 590 662 natura
612 601 738 680 pareat,
764 598 799 662 in
826 619 889 681 qua
916 598 960 662 sit
988 597 1148 661 mirabilis

143 686 299 771 quaedam
329 687 379 750 vis
407 685 542 750 rationis
570 689 603 750 et
626 685 823 770 cognitionis
854 689 887 748 et
910 685 1064 749 scientiae
1087 686 1149 749 vir-

142 777 310 858 tutumque
334 773 486 838 cmnium.
536 771 621 836 Nam
644 795 726 857 quae
750 773 893 856 corporis
917 776 1006 855 sunt,
1029 794 1067 837 ea
1090 773 1175 837 nece

143 863 367 926 auctoritatem
404 883 476 924 cum
512 861 613 924 animi
647 861 793 943 partibus
830 860 1079 943 comparandam
1117 865 1150 924 et

144 950 361 1034 cognitionem
382 948 505 1013 habent
527 947 714 1014 faciliorem.
758 948 872 1033 Itaque
900 948 941 1012 ab
969 948 1020 1012 his
1044 948 1148 1012 ordia·

85 1053 123 1099 35
144 1060 223 1101 mur.
269 1035 420 1120 Corporis
451 1036 553 1121 igitur
575 1038 679 1101 nostri
702 1039 810 1120 partes
832 1039 966 1120 totaque
988 1037 1094 1117 figura
1117 1038 1151 1100 et

142 1126 248 1190 forma
271 1128 303 1188 et
326 1128 453 1188 statura
476 1145 570 1206 quam
595 1128 673 1206 apta
689 1125 732 1208 ad
750 1128 902 1189 naturam
926 1124 983 1206 sit,
1005 1128 1150 1206 apparet,

141 1232 244 1297 neque
271 1215 321 1276 est
348 1211 493 1293 dubium,
521 1212 611 1294 quin,
640 1212 742 1290 frons,
769 1212 867 1294 oculi,
896 1233 987 1276 aures
1019 1212 1192 1277 etreli·1o

143 1320 225 1382 quae
243 1302 353 1382 partes
373 1299 482 1382 quales
501 1299 651 1382 propriae
670 1300 736 1364 sint
754 1299 908 1381 hominis,
931 1299 1150 1382 intellegatur.

143 1385 205 1450 Sed
234 1389 318 1451 certe
346 1408 426 1469 opus
455 1388 504 1450 est
531 1408 570 1452 ea
596 1386 702 1452 valere
730 1392 763 1453 et
792 1387 902 1472 vigere
925 1391 959 1450 et
980 1387 1149 1452 naturales

142 1478 248 1540 motus
271 1495 411 1558 ususque
434 1473 567 1558 habere,
593 1477 631 1538 ut
657 1497 717 1540 nec
740 1475 827 1540 absit
856 1475 933 1560 quid
956 1497 1067 1540 eorum
1089 1497 1151 1541 nec

142 1584 275 1647 aegrum
305 1563 549 1628 debilitatumve
577 1563 632 1647 sit3
660 1563 694 1627 id
722 1564 806 1628 enim
834 1567 953 1628 natura
980 1563 1150 1628 desiderat.

140 1651 203 1716 Est
225 1655 334 1715 autem
351 1652 451 1715 etiam
470 1651 555 1715 actio
578 1651 735 1734 quaedam
759 1651 917 1734 corporis,
940 1672 1021 1735 quae
1040 1655 1149 1716 motus
1165 1675 1190 1716 1⁵
1273 1693 1274 1738 ᾗ

142 1743 175 1802 et
207 1741 312 1804 status
342 1742 479 1804 naturae
511 1743 723 1824 congruentes
757 1742 859 1823 tenet3
895 1740 930 1803 in
966 1739 1082 1822 quibus
1121 1740 1150 1802 si
1273 1739 1274 1758 l

142 1831 292 1911 peccetur
314 1826 505 1892 distortione
528 1830 562 1890 et
584 1826 811 1910 depravatione
835 1826 972 1911 quadam
997 1848 1034 1890 ac
1056 1830 1150 1892 motu

143 1919 271 1980 statuve
294 1915 443 1996 deformi,
470 1917 508 1978 ut
535 1915 563 1978 si
591 1918 647 1978 aut
674 1915 822 1979 manibus
853 1914 1053 1998 ingrediatur
1077 1916 1149 1998 quis

142 2006 287 2067 autnon
311 2007 399 2084 ante,
424 2001 479 2066 sed
501 2006 602 2085 retro,
629 2003 743 2086 fugere
763 2003 858 2086 plane
883 2024 916 2066 se
940 2003 1010 2086 ipse
1034 2005 1067 2066 et
1089 2003 1149 2068 ho·

141 2089 261 2153 minem
290 2110 407 2154 exuens
441 2110 480 2152 ex
511 2088 642 2164 homine
673 2095 823 2155 naturam
855 2090 961 2154 edisse
993 2090 1148 2155 videatur.
1163 2117 1190 2156 ao

142 2177 246 2252 Quam
265 2176 394 2240 obrem
413 2177 512 2240 etiam
535 2178 694 2241 sessiones
714 2178 871 2263 quaedam
890 2183 923 2243 et
940 2178 1014 2242 flexi
1038 2179 1148 2243 fracti·

142 2284 203 2347 que
222 2267 344 2348 motus,
368 2264 479 2348 quales
497 2267 721 2348 protervorum
739 2265 908 2330 hominum
927 2270 983 2330 aut
1000 2267 1149 2331 mollium
1172 2341 1178 2344 ,

143 2373 212 2416 esse
241 2352 359 2436 solent,
387 2355 501 2416 contra
528 2356 676 2418 naturam
705 2356 792 2437 sunt,
822 2357 871 2437 ut,
895 2354 1023 2418 etiamsi
1047 2355 1149 2418 animi

143 2439 223 2504 vitio
247 2440 280 2504 id
304 2441 443 2523 eveniat,
471 2441 638 2505 tamenin
661 2463 794 2525 corpore
817 2441 983 2505 immutari
1006 2440 1148 2506 hominis

86 2544 123 2592 36
142 2531 259 2593 natura
280 2529 434 2593 videatur.
483 2527 596 2613 Itaque
625 2529 826 2595 econtrario
852 2530 1010 2594 moderati
1035 2550 1149 2613 aequa·
1163 2557 1190 2595 aa

141 2616 286 2699 bilesque
322 2617 466 2700 habitus,
503 2617 688 2683 affectiones
723 2638 862 2701 ususque
901 2618 1045 2700 corporis
1079 2618 1149 2699 apti

142 2724 213 2766 esse
237 2703 276 2766 ad
299 2707 449 2768 naturam
466 2705 623 2769 videntur.
659 2705 729 2769 Iam
747 2727 823 2770 vero
843 2705 970 2769 animus
990 2726 1055 2769 non
1078 2727 1149 2770 esse

142 2791 261 2873 solum,
288 2790 344 2853 sed
372 2791 470 2856 etiam
499 2793 664 2858 cuiusdam
692 2793 779 2856 modi
808 2792 905 2857 debet
932 2815 1016 2875 esse,
1048 2797 1085 2857 ut
1117 2796 1151 2858 et

142 2877 246 2942 omnis
269 2879 372 2961 partis
397 2901 472 2945 suas
500 2880 620 2944 habeat
647 2880 817 2945 incolumis
846 2883 879 2944 et
909 2880 949 2945 de
972 2880 1149 2962 virtutibus

140 2966 230 3030 nulla
248 2966 340 3030 desit.
372 2966 479 3050 Atque
497 2968 532 3032 in
551 2969 698 3033 sensibus
718 2971 768 3032 est
786 2989 844 3032 sua
863 2969 1016 3052 cuiusque
1035 2969 1148 3051 virtus,
1162 2993 1189 3034 ao

140 3059 243 3118 utne
270 3053 347 3138 quid
374 3055 543 3139 impediat,
571 3078 634 3139 quc
658 3056 763 3120 minus
788 3077 845 3120 suo
870 3077 982 3120 sensus
1014 3057 1149 3140 quisque

140 3163 271 3206 munere
303 3141 459 3226 fungatur
488 3143 523 3207 in
559 3145 599 3208 iis
631 3145 727 3208 rebus
759 3143 907 3207 celeriter
939 3144 1149 3228 expediteque

88 3229 367 3314 13percipiendis‚
399 3252 480 3314 quae
513 3231 675 3296 subiectae
710 3234 787 3296 sunt
819 3232 977 3295 sensibus.
1035 3230 1149 3296 Animi

141 3321 248 3381 autem
271 3321 305 3382 et
328 3318 395 3382 eius
420 3318 520 3381 animi
541 3320 658 3402 partis,
689 3339 770 3403 quae
793 3319 941 3402 princeps
965 3322 1028 3403 est,
1052 3341 1148 3402 quae·

140 3425 201 3486 que
229 3425 319 3469 mens
347 3406 548 3487 nominatur,
576 3406 685 3489 plures
713 3409 789 3470 sunt
815 3406 964 3488 virtutes,
998 3405 1054 3470 sed
1085 3406 1149 3471 duo
1163 3431 1189 3472 aa

139 3489 244 3570 prima
258 3511 388 3575 genera,
412 3514 511 3556 unum
535 3514 657 3577 earum,
682 3515 763 3576 quae
782 3493 1016 3577 ingenerantur
1034 3497 1150 3577 suapte

139 3577 257 3640 natura
272 3579 538 3665 appellanturque
558 3602 624 3646 non
642 3580 856 3664 voluntariae,
876 3581 1014 3645 alterum
1039 3586 1149 3646 autem
1270 3623 1271 3634 κ
