2544 3952
136 204 202 270 406
333 203 631 260 TUSCULANARUM
649 203 952 260 DISPUTATIONUM

138 368 228 431 dines
261 366 461 451 accederent,
491 388 616 432 summa
646 389 685 432 ea
714 368 819 449 fieret,
847 389 927 451 quae
956 389 1023 432 non
1056 369 1154 432 susti·
1260 406 1262 450 q

139 458 277 520 neretur.
1261 461 1262 484 ³

86 513 127 638 ff
205 543 267 620 Qui
286 543 416 608 modum
439 544 541 629 igitur
558 543 640 608 vitio
664 543 803 628 quaerit,
827 543 977 608 similiter
999 544 1090 628 facit,
1114 548 1153 608 ut

139 632 167 696 si
189 653 285 716 posse
308 635 401 716 putet
424 653 510 716 eum,
533 632 589 715 qui
613 654 646 696 se
670 653 687 696 e
709 630 851 696 Leucata
874 632 1151 717 praecipitaverit,

139 721 297 785 sustinere
325 741 372 804 se,
402 741 474 785 cunr
497 720 582 784 velit
628 718 674 784 Ut
697 720 783 784 enim
804 719 838 784 id
860 741 926 785 non
948 724 1070 804 potest,
1097 723 1180 787 sica

138 809 264 874 animus
282 809 491 892 perturbatus
511 810 543 873 et
564 808 720 872 incitatus
739 830 798 873 nee
817 807 966 873 cohibere
986 829 1019 872 se
1038 812 1151 891 potest

137 917 210 982 neo,
240 918 302 980 quo
329 898 401 961 loco
429 896 512 980 vult,
538 896 701 979 insistere,
728 897 937 980 omninoque,
969 917 1051 981 quae
1083 918 1150 962 cre·

138 985 261 1050 scentia
283 985 465 1069 perniciosa
484 988 572 1068 sunt,
596 983 705 1048 eadem
729 988 804 1050 suut
825 984 944 1050 vitiosa
965 987 1150 1067 nescentia3

85 1095 119 1142 42
139 1073 306 1159 aegritudo
339 1075 447 1138 autem
476 1077 667 1156 ceteraeque
697 1072 975 1157 perturbationes,
1012 1073 1151 1155 amplifi-

138 1166 231 1226 catae
262 1165 360 1245 certe,
391 1160 563 1245 pestiferae
596 1163 684 1244 sunt3
716 1161 817 1246 igitur
848 1159 948 1226 etiam
979 1164 1150 1245 susceptae
1166 1188 1194 1229 ro

139 1249 291 1314 continuo
323 1251 358 1313 in
390 1270 508 1334 magna
531 1248 639 1332 ,pestis
667 1253 759 1332 parte
787 1251 965 1313 versantur.
1015 1247 1150 1314 Etenim

137 1338 227 1422 ipsae
246 1359 280 1402 se
298 1335 483 1420 impellunt,
505 1336 562 1401 ubi
581 1337 681 1400 semel
700 1359 719 1400 a
740 1337 864 1402 ratione
887 1336 1065 1402 discessum
1089 1341 1150 1418 est,

138 1427 272 1510 ipsaque
294 1425 372 1508 sibi
403 1424 598 1490 inbecillitas
632 1425 780 1509 indulget
812 1425 847 1489 in
879 1426 1043 1509 altumque
1074 1447 1150 1509 pro·

137 1513 266 1579 vehitur
278 1513 465 1597 imprudens
478 1534 537 1578 nec
550 1513 672 1597 reperit
686 1513 792 1580 locum
807 1513 1013 1578 consistendi.
1042 1511 1149 1588 Quam

138 1603 180 1668 ob
198 1624 267 1667 rem
285 1602 368 1666 nihil
387 1602 534 1680 interest,
557 1604 666 1666 utrum
684 1601 867 1667 moderatas
886 1599 1147 1685 perturbationes
1164 1626 1191 1669 rs

139 1691 319 1774 adprobent
337 1712 380 1755 an
398 1691 598 1756 moderatam
616 1688 819 1774 iniustitiam,
837 1689 1038 1754 moderatam
1056 1689 1148 1772 igna-
1228 1772 1230 1776 Ι

138 1780 238 1863 viam,
276 1778 477 1844 moderatam
508 1777 810 1861 intemperantiam
848 1777 904 1861 qui
939 1777 1026 1842 enim
1057 1777 1149 1842 vitiis

138 1866 269 1932 modum
301 1867 450 1951 apponit·
483 1866 511 1931 is
540 1869 667 1951 partem
699 1866 833 1949 suscipit
864 1865 1031 1948 vitiorum3
1063 1865 1149 1949 quod

138 1977 211 2020 cum
243 1956 350 2039 ipsum
376 1977 435 2039 per
462 1976 496 2020 se
524 1953 672 2019 odiosum
707 1958 770 2038 est,
799 1958 870 2018 tum
902 1975 940 2018 eo
972 1952 1149 2036 molestius,

139 2044 215 2128 quia
238 2047 315 2108 sunt
337 2044 371 2106 in
394 2043 518 2109 lubrico
542 2042 740 2126 incitataque
759 2040 858 2107 semel
875 2041 1014 2125 proclivi
1031 2041 1147 2106 labun-
1162 2068 1191 2110 eo

138 2134 192 2195 tur
216 2130 430 2214 sustinerique
452 2129 542 2194 nullo
565 2129 661 2194 modo
683 2134 829 2213 possunt

88 2196 128 2321 ἐξ
206 2217 302 2301 Quid,
326 2217 411 2303 quod
429 2217 527 2282 iidem
545 2216 752 2300 Peripatetici
774 2217 1033 2301 perturbationes
1057 2218 1148 2298 istas,

139 2328 219 2391 quas
247 2326 307 2370 nos
334 2304 541 2390 extirpandas
568 2309 732 2390 putemne,
763 2327 830 2371 non
861 2304 956 2370 modo
985 2306 1147 2370 naturalis

139 2415 209 2460 esse
228 2393 351 2479 dicunt,
373 2394 428 2459 sed
447 2394 545 2458 etiarn
562 2394 687 2458 utiliter
706 2397 860 2459 enatura
880 2394 987 2476 datas,
1010 2415 1148 2477 quorum

139 2488 189 2549 est
220 2483 298 2548 talis
330 2483 443 2548 oratio.
491 2481 637 2546 Primum
666 2482 777 2547 multis
808 2483 916 2547 verbis
949 2481 1148 2548 iracundiam
1162 2505 1189 2548 as

137 2572 284 2655 laudant,
312 2574 417 2636 cotem
443 2568 643 2635 fortitudinis
671 2591 741 2635 esse
769 2571 891 2654 dicunt,
921 2571 1085 2654 multoque
1115 2574 1149 2635 et

138 2663 172 2725 in
199 2659 328 2725 hostem
355 2663 388 2724 et
414 2660 449 2723 io
475 2658 652 2743 inprobum
675 2658 777 2724 civem
799 2658 1054 2724 vehementiores
1083 2659 1148 2722 ira-

137 2752 247 2813 torum
273 2748 413 2831 impetus
440 2768 523 2832 esse,
551 2747 631 2811 levis
658 2750 767 2811 autem
798 2747 996 2812 ratiunculas
1027 2767 1148 2828 eorum,

139 2837 194 2920 qui
223 2836 271 2900 ita
299 2835 494 2919 cogitarent:
537 2833 715 2899 ‘Proelium
741 2837 864 2900 rectum
892 2838 943 2899 est
972 2834 1035 2899 hoc
1050 2881 1053 2886 -
1066 2835 1148 2918 fieri,

138 2924 289 2988 convenit
311 2923 463 2989 dimicare
485 2945 545 3006 pro
568 2921 708 3006 legibus,
730 2944 791 3007 pro
814 2923 978 3006 libertate,
1008 2944 1067 3006 pro
1090 2945 1147 3006 pa·
1162 2947 1187 2989 co

137 3010 223 3077 tria'
272 3011 363 3076 Haec
388 3012 513 3077 nullam
539 3010 662 3075 habent
688 3010 769 3093 vim,
800 3012 866 3076 nisi
896 3011 945 3076 ira
977 3010 1149 3075 excanduit

137 3100 304 3165 fortitudo.
349 3099 418 3166 Nec
440 3119 516 3165 vero
541 3097 579 3162 de
603 3098 815 3164 bellatoribus
839 3099 945 3164 solum
967 3099 1147 3182 disputant3

137 3187 273 3272 imperia
301 3187 461 3254 severiora
488 3186 578 3252 nulla
601 3207 670 3252 esse
697 3190 814 3270 putant
837 3187 905 3252 sine
929 3187 1038 3270 aliqua
1062 3206 1149 3251 acer·

137 3277 241 3343 bitate
268 3275 466 3361 iracundiam
494 3280 656 3340 oratorem
683 3275 821 3360 denique
848 3296 915 3341 non
937 3275 1032 3340 modo
1056 3295 1148 3340 accu-
1253 3318 1258 3328 ·

138 3370 277 3450 santam,
318 3366 373 3436 sed
404 3386 445 3429 ne
476 3364 700 3430 defendentem
736 3364 865 3448 quidem
900 3363 1041 3449 probant
1078 3363 1148 3429 sine
1163 3388 1188 3430 aa
1260 3359 1267 3422 “.

138 3453 256 3518 aculeis
294 3453 493 3538 iracundiae,
532 3473 614 3538 quae
647 3453 776 3518 etiamsi
806 3473 872 3518 non
904 3450 1003 3538 adsit,
1037 3454 1149 3517 tamen

136 3541 244 3606 verbis
274 3545 371 3625 atque
399 3545 490 3608 motu
520 3540 736 3607 simulandam
763 3541 974 3622 arbitrantur,
1002 3544 1039 3606 ut
1061 3539 1148 3605 audi·
