2470 3962
334 169 401 223 ma.
421 170 442 224 1.
471 167 547 224 car.
567 175 597 236 r,
617 175 641 223 s.
667 173 689 234 §-
711 175 830 224 re-rc.
1062 170 1082 234 9

70 323 178 396 omnis
202 331 378 415 sapientia,
400 352 467 395 non
489 330 641 395 arbitrari
665 351 699 394 se
723 331 817 414 seire,
845 331 930 415 quod
951 332 1085 396 nesciat.

73 419 164 494 Quae
187 441 260 484 cum
288 419 409 484 diceret
437 422 622 484 constanter
650 421 682 482 et
707 418 743 488 in
765 439 803 484 ea
826 419 987 484 sententia
1015 441 1084 504 per-

72 510 235 590 maneret,
254 507 359 572 omnis
379 507 446 572 eius
466 506 570 572 oratio
587 509 716 570 tantum
735 507 770 571 in
787 506 906 571 virtute
924 507 1085 572 laudanda

73 599 106 658 et
128 596 166 660 in
187 594 374 660 homiuibus
397 595 439 660 ad
461 595 590 659 virtutis
616 595 757 659 studium
780 595 985 660 cohortandis
1010 617 1083 660 con-

47 683 276 767 asumebatur,
300 685 338 748 ut
359 705 377 747 e
400 681 637 748 Socraticorum
663 682 756 748 libris
784 683 985 766 maximeque
1012 683 1084 748 Pla·

73 771 162 837 tonis
200 771 347 857 intellegi
382 774 500 854 potest.
556 769 702 836 Platonis
739 774 848 836 autem
885 771 1086 855 auctoritate,
1105 785 1140 833 17

75 860 135 942 qui-
154 859 264 924 varius
288 863 321 922 et
342 859 512 943 multiplex
535 862 568 922 et
591 858 739 942 copiosus
766 859 844 942 fuit,
870 881 935 923 una
957 863 990 924 et
1013 880 1085 924 con·

75 947 219 1012 sentiens
238 947 362 1012 duobus
381 946 548 1012 vocabulis
566 946 792 1031 philosophiae
810 948 918 1013 forma
935 947 1086 1012 instituta

76 1040 142 1118 est,
178 1033 447 1101 Academicorum
484 1038 517 1101 et
553 1034 856 1118 Peripateticorum,
895 1035 949 1120 qui
990 1035 1085 1100 rebus

39 1151 62 1188 ro
75 1126 291 1207 congruentes
313 1121 498 1200 nominibus
523 1121 722 1188 differebant.
771 1121 858 1188 Nam
885 1146 958 1188 eum
988 1121 1085 1207 Speu-

75 1212 215 1295 sippum,
229 1212 349 1276 sororis
364 1213 477 1294 filium,
490 1211 584 1291 Plato
594 1210 820 1295 philosophiae
832 1212 923 1296 quasi
936 1212 1086 1277 heredem

74 1301 275 1384 reliquisset,
302 1299 364 1364 duo
392 1303 501 1365 cutem
529 1300 827 1383 praestantissimos
856 1301 961 1364 studio
989 1304 1086 1385 atque

74 1387 236 1472 doctrina,
272 1387 487 1452 Xenocratem
525 1385 775 1452 Calchedonium
812 1391 844 1452 et
876 1388 1086 1454 Aristotelem

76 1475 279 1560 Stagiritem,
297 1477 351 1559 qui
371 1480 464 1540 erant
482 1497 554 1540 cum
573 1476 761 1559 Aristotele,
779 1475 986 1560 Peripatetici
1008 1477 1086 1541 dicti

40 1589 63 1628 15
77 1569 167 1648 sunt,
200 1564 277 1649 quia
309 1564 519 1648 disputabant
549 1563 787 1628 inambulantes
818 1565 853 1628 in
883 1563 998 1648 Lycio,
1037 1564 1087 1628 illi

76 1656 198 1734 autem,
222 1653 278 1736 qui
299 1651 447 1717 Platonis
470 1652 621 1718 instituto
649 1651 684 1716 in
710 1651 1015 1736 Academia,-quod
1038 1657 1089 1716 est

1 1817 2 1823 ἵ
76 1741 216 1804 alterum
240 1740 459 1825 gymnasium,
482 1742 592 1806 coetus
616 1742 709 1803 erant
729 1743 763 1802 et
781 1761 944 1804 sermones
967 1740 1086 1805 habere

76 1829 180 1912 soliti,
204 1850 221 1892 e
244 1828 307 1892 loci
330 1828 487 1894 vocabulo
505 1849 622 1892 nomen
645 1826 836 1893 habuerunt.
874 1825 936 1892 Sed
959 1829 1086 1912 utrique

75 1916 225 1981 Platonis
243 1916 392 1980 ubertate
412 1916 563 2000 completi
583 1919 705 1998 certam
723 1916 882 2000 quandam
897 1915 1087 1999 disciplinae

41 2030 64 2068 ac
76 2004 253 2070 formulam
280 2006 541 2088 composuerunt,
569 2007 602 2068 et
632 2027 702 2068 eam
732 2005 860 2088 quidem
887 2005 1017 2088 plenam
1050 2027 1087 2070 ac

76 2093 243 2170 refertam,
266 2093 357 2157 illam
376 2097 484 2158 autem
504 2091 701 2158 Socraticam
723 2093 907 2158 dubitanter
929 2092 967 2157 de
987 2093 1087 2158 omni·

76 2182 135 2245 bus
149 2181 248 2245 rebus
263 2183 296 2244 et
313 2181 403 2245 nulla
422 2181 645 2245 adfirmatione
665 2179 810 2246 adhibita
824 2181 1087 2246 consuetudinem

77 2269 257 2334 disserendi
289 2269 494 2352 reliquemmt
546 2263 604 2332 Ita‘
623 2268 710 2333 facta
746 2273 808 2352 est,
840 2270 925 2352 quod
956 2269 1087 2334 minime

77 2356 228 2422 Socrates
247 2357 418 2440 probabat,
441 2379 492 2422 ars
511 2357 667 2440 quaedam
685 2356 911 2441 philosophiae
931 2360 964 2421 et
980 2379 1088 2426 rerum

43 2469 65 2508 a
79 2446 156 2510 ordo
176 2448 210 2508 et
229 2444 397 2528 discriptio
416 2444 614 2528 disciplinae.
647 2444 735 2520 Quae
754 2445 882 2529 quidem
894 2449 964 2508 erat
981 2445 1086 2528 primo
1108 2467 1144 2514 18

78 2534 220 2616 duobus,
253 2537 289 2596 ut
320 2533 401 2617 dixi,
436 2532 621 2597 nominibus
657 2555 735 2613 una3
767 2532 851 2596 nihil
884 2532 969 2596 enim
1003 2533 1088 2597 inter

77 2620 314 2705 Peripateticos
338 2624 372 2686 et
393 2621 486 2686 illam
509 2625 651 2684 veterem
673 2619 881 2684 Academiam
911 2619 1088 2686 differebat.

77 2708 289 2774 Abundantia
303 2709 440 2792 quadam
457 2709 577 2794 ingenii
595 2709 793 2792 praestabat,
810 2712 848 2774 ut
861 2708 942 2773 mihi
959 2709 1088 2793 quidem

78 2797 221 2880 videtur,
248 2797 455 2880 Aristoteles,
488 2797 543 2861 sed
571 2795 667 2861 idem·
686 2797 759 2862 fons
787 2801 857 2862 erat
883 2797 1028 2881 utrisque
1056 2801 1089 2864 et

44 2884 190 2951 sceadem
221 2907 327 2950 rerum
356 2885 604 2969 expetendarum
631 2885 919 2970 fugiendarumque
944 2886 1088 2970 partitio.

145 2971 209 3038 Sed
245 2973 322 3057 quid
358 2973 444 3058 ago?
483 2973 604 3056 inquit,
641 2977 698 3036 aut
734 2995 845 3038 sumne
885 2995 997 3058 sanus,
1034 2975 1131 3058 quib

77 3060 156 3127 haec
184 3083 243 3126 vos
275 3062 397 3126 doceo?
424 3083 501 3126 nam
529 3061 591 3125 etsi
622 3083 689 3125 non
722 3061 788 3126 ‘sus
816 3061 1021 3144 Minervam',
1053 3067 1090 3126 ut

1 3166 2 3172 ’
79 3149 184 3232 aiunt,
207 3152 318 3214 tamen
340 3151 457 3234 inepte,
481 3149 625 3234 quisquis
649 3147 829 3214 Minervam
853 3150 952 3216 docet.
1006 3149 1089 3214 Tum

80 3237 221 3303 Atticus:
250 3237 300 3302 Tu
327 3259 417 3321 vero,
443 3237 564 3322 inquit,
590 3257 703 3322 perge,
730 3237 849 3320 Varr03
882 3239 976 3302 valde
1004 3238 1088 3308 enim

45 3350 68 3389 a
81 3347 152 3390 amo
175 3329 289 3390 nostra
312 3331 409 3411 atque
432 3329 575 3410 nostros,
597 3347 710 3410 meque
733 3326 798 3391 ista
821 3326 990 3409 delectant,
1015 3347 1087 3390 cum

79 3412 195 3478 Latine
228 3413 377 3479 dicuntur
410 3417 443 3478 et
477 3414 541 3478 isto
573 3413 678 3479 modo.
734 3413 817 3488 Quid
847 3415 913 3496 me,
946 3415 1089 3496 inquam,

79 3501 199 3586 putas?
227 3502 283 3585 qui
311 3502 551 3587 philosophiam
578 3501 643 3566 iam
674 3501 841 3584 professus
873 3501 935 3564 sim
966 3501 1088 3583 populo
