2568 3948
169 223 235 288 260
329 225 377 279 DE
396 223 540 280 FINIBUS
557 223 737 281 BONORUM
754 225 802 280 ET
820 223 1003 281 MALORUM

168 406 347 451 sermonem
380 388 518 472 aliquem
550 387 725 473 requirere,
762 407 897 472 uimque
928 408 994 452 non
1030 387 1179 454 habeant

167 473 322 560 ingenuas
355 497 393 540 ex
425 475 572 540 doctrina
602 475 846 558 oblectationes,
878 476 1014 541 circulos
1047 476 1178 560 aliquos

168 565 201 626 et
227 563 442 628 sessiunculas
470 565 658 628 consectari.
707 563 792 640 Quin
818 583 859 628 ne
888 563 1013 628 bestiae
1035 565 1177 648 quidem,

168 670 248 733 quas
276 651 499 716 delectationis
527 671 624 716 causa
651 650 883 735 concludimus,
910 673 982 716 cum
1009 652 1176 736 copiosius

167 738 308 821 alantur,
330 761 426 824 quarn
451 739 479 803 si
501 743 608 805 essent
631 739 765 823 liberae,
791 738 887 803 facilc
911 739 1080 822 patiuntur
1103 761 1205 808 seses

166 826 325 891 contineri
354 830 525 911 motusque
557 827 679 892 solutos
712 831 745 891 et
773 847 877 912 vagos
911 848 930 891 a
960 829 1079 892 natura
1109 829 1176 893 sibi

116 930 149 979 57
168 915 309 980 tributos
337 916 513 1000 requirunt
562 913 677 998 Itaque
702 918 740 978 ut
766 915 900 999 quisque
928 915 1050 998 optime
1076 919 1175 987 natus

166 1003 398 1086 institutusque
420 1005 484 1087 est,
506 1020 576 1068 esse
597 1003 729 1070 omnino
748 1002 837 1067 nolit
853 1003 887 1066 in
904 1003 986 1087 rita,
1008 1003 1037 1067 si
1062 1023 1176 1087 geren-

167 1090 215 1154 dis
242 1091 382 1174 negotiis
410 1091 543 1155 orbatus
570 1091 675 1174 possit
700 1090 915 1174 paratissimis
946 1091 1033 1156 vesci
1062 1091 1175 1174 volup·

165 1177 297 1242 tatibus.
333 1177 417 1242 Nam
436 1181 493 1240 aut
514 1177 668 1261 privatim
687 1177 808 1262 aliquid
830 1194 940 1263 gerere
962 1179 1089 1249 malunt
1107 1184 1176 1262 aut,
1191 1208 1218 1246 10

167 1266 223 1348 qui
246 1265 360 1329 altiore
383 1265 491 1330 animo
510 1269 602 1350 sunt,
629 1271 803 1350 capessunt
829 1287 899 1330 reru
927 1265 1091 1350 publicam
1115 1267 1175 1332 ho·

167 1352 301 1418 neribus
320 1352 526 1438 imperiisque
543 1353 757 1437 adipiscendis
773 1357 829 1418 aut
845 1357 934 1419 totos
953 1373 988 1418 se
1006 1353 1047 1418 ad
1065 1355 1177 1424 studia

168 1440 333 1505 doctrinae
356 1439 541 1525 conferunt,
564 1463 628 1525 qua
649 1441 684 1505 in
703 1443 773 1506 rita
795 1445 922 1506 tantum
946 1442 1039 1506 abest
1059 1445 1098 1506 ut
1118 1463 1176 1508 ro-

167 1526 310 1612 luptetes
351 1533 595 1613 consectentur,
636 1530 735 1594 etism
779 1543 890 1614 curas,
931 1529 1176 1615 sollicitudines,

167 1615 296 1702 vigilias
324 1617 491 1702 perferunt
517 1619 701 1703 optimaque
728 1622 821 1700 parte
848 1616 1004 1696 hominis,
1031 1639 1113 1702 qnae
1139 1619 1175 1683 in
1190 1645 1215 1686 rs

167 1705 261 1770 nobis
298 1704 407 1770 divina
442 1704 586 1770 ducenda
623 1709 685 1789 est,
720 1705 843 1790 ingenii
880 1711 912 1770 et
946 1706 1067 1770 mentia
1104 1706 1175 1771 acie

166 1791 317 1858 fruuntur
354 1815 414 1858 nec
431 1795 649 1877 'voluptatem
684 1793 882 1876 requirentes
918 1813 978 1858 nec
1012 1793 1175 1878 fugientes

167 1880 326 1963 laborem;
367 1902 426 1946 nec
466 1901 542 1945 vero
583 1881 800 1945 intermittunt
834 1883 891 1946 aut
927 1880 1175 1946 admirationem

168 1989 278 2033 earum
309 1989 429 2052 rerum,
460 1989 542 2052 quae
575 1971 651 2033 sunt
682 1969 723 2032 ab
756 1969 896 2052 antiquis
927 1971 1088 2052 repertae,
1118 1973 1176 2035 aut

113 2093 116 2101 ·
167 2055 452 2141 investigationem
470 2075 642 2139 novarum3
666 2077 729 2140 quo
749 2056 855 2121 studio
879 2074 951 2122 curn
969 2057 1084 2121 sedari
1105 2079 1176 2122 non
1189 2085 1215 2125 ro

167 2143 308 2227 possint,
345 2143 490 2208 omnium
525 2147 703 2208 ceterarum
735 2162 845 2208 rerum
877 2143 972 2208 obliti
1002 2144 1086 2208 nihil
1119 2145 1175 2210 ab·

168 2231 300 2309 iccium,
326 2230 409 2294 nihil
438 2230 560 2295 humile
586 2231 744 2316 cogitant3
771 2235 926 2316 tantaque
952 2234 1004 2296 est
1029 2233 1081 2297 vis
1103 2233 1176 2298 teli·

167 2319 229 2383 bus
255 2318 291 2383 in
321 2319 450 2402 studiis,
480 2322 517 2382 ut
546 2339 601 2385 ecs
630 2319 743 2403 etiam,
773 2320 828 2404 qui
857 2319 920 2384 sibi
947 2319 1030 2384 alios
1056 2339 1175 2404 propo·

60 2417 62 2424 “
168 2411 301 2472 suerunt
327 2406 408 2472 fines
437 2408 609 2490 bonorum,
638 2426 717 2492 qnos
745 2406 888 2472 utilitate
918 2410 976 2471 aut
1006 2408 1175 2494 voluptate

168 2495 333 2646 derigunt,
363 2499 472 2560 tamen
503 2495 538 2560 in
565 2496 661 2560 rebus
691 2495 880 2578 quaerendis
913 2495 1216 2580 explicandisquess

115 2586 226 2706 must
227 2583 293 2648 uris
316 2587 439 2649 aetates
462 2588 627 2648 conterere
649 2582 823 2648 videamus
857 2669 907 2734 ad
1005 2671 1024 2734 d

115 2720 149 2768 ⁵⁸
168 2670 752 2842 molgrgqclqiclocnuqlqriqqqrenqugglta
772 2691 879 2842 gleire,
902 2691 1183 2825 uiggisiulieriiiii

169 2845 266 2912 etiarn
297 2845 474 2910 maioribus
503 2846 642 2925 minora,
673 2846 834 2912 maximae
864 2849 974 2911 autem
1004 2851 1081 2912 sunt
1110 2849 1176 2931 pri

168 2955 270 3018 inum,
298 2937 335 2998 ut
361 2933 442 2998 mihi
468 2933 598 3018 quidem
624 2895 711 2998 uidet
696 2936 750 2998 tur
777 2937 810 2998 et
839 2934 894 3018 iis,
926 2955 1062 3018 quorum
1089 2957 1176 3000 nnnc
1190 2963 1218 3003 eo

167 3023 202 3086 in
230 3021 356 3094 ratione
383 3033 562 3105 versamur,
589 3021 804 3086 consideratio
833 3023 1038 3106 cognitioque
1067 3044 1175 3088 rerum

168 3110 356 3174 caelestium
388 3112 421 3174 et
453 3129 577 3192 earum,
612 3131 692 3194 quas
729 3130 748 3173 a
782 3113 899 3174 natura
932 3110 1108 3176 occultatas
1143 3117 1178 3176 et
1274 3157 1275 3222 ,

168 3198 306 3262 latentes
338 3197 493 3282 indagare
524 3198 608 3262 ratio
640 3201 760 3282 potest,
793 3196 906 3260 ddnde
934 3213 1042 3263 rerum
1068 3198 1178 3283 publi·
1274 3225 1275 3266 1

168 3305 278 3350 carum
306 3285 542 3351 administratio
571 3288 628 3350 aut
655 3284 901 3350 administrandi
928 3286 1076 3370 scientia,
1105 3291 1177 3352 turn

167 3373 321 3460 prudens,
356 3376 549 3458 temperata,
584 3373 693 3456 fortis,
728 3373 817 3438 iusta
846 3373 932 3438 ratio
969 3374 1176 3459 reliquaeque
1191 3401 1219 3442 se

167 3463 304 3526 virtutes
328 3462 527 3527 etactiones
550 3460 724 3524 virtutibus
753 3465 979 3546 congruentes,
1005 3481 1088 3546 quae
1109 3481 1176 3530 uno

168 3549 265 3613 verbo
289 3549 449 3632 complexi
472 3548 579 3613 omnia
606 3547 771 3612 honesta
793 3547 943 3633 dicimus;
972 3549 1013 3614 ad
1039 3570 1178 3635 quorum
