2470 3962
330 223 398 278 ms.
416 225 439 278 Ι.
467 223 544 278 οΔΡ.
565 231 652 278 c-s.
679 229 834 289 sar-eo.
1047 225 1087 289 13

73 390 162 468 tuor,
190 407 274 470 quae
299 385 499 469 supradixi,
527 386 683 451 dissimile
706 385 899 467 Aristoteles
928 387 1087 470 quoddam

74 497 144 539 esse
180 475 325 539 rebatur.
380 472 443 538 Sed
475 475 653 539 subiectam
684 477 802 557 putant
833 475 982 539 omnibus
1019 477 1087 541 sine
1106 487 1140 535 27

74 563 144 627 ulla
163 563 270 646 specie
295 565 392 646 atque
416 566 580 626 carentem
604 559 691 627 omni
714 563 772 626 illa
796 563 953 645 qualitate
976 561 1088 647 (faeia-

76 673 149 714 mus
168 651 255 715 enim
273 650 443 715 tractando
457 650 610 714 usitatius
624 650 687 714 hoe
700 651 833 715 verbum
852 654 885 714 et
902 649 1087 734 contritius)

50 739 250 805 materiam
278 740 452 823 quandam,
481 762 498 804 e
526 739 721 823 quaomnia
750 760 902 822 expressa
925 743 1020 822 atque
1044 739 1088 802 ef·

77 827 155 892 ficta
178 827 253 911 sint,
277 849 360 910 qnae
378 849 442 892 una
460 828 569 892 omnia
593 827 735 910 accipere
754 827 860 910 possit
878 827 1087 911 omnibusque

78 915 182 980 modis
196 915 317 980 mutari
335 918 430 999 etque
445 915 586 980 exomni
604 917 696 998 parte
715 919 811 998 atque
831 915 928 980 etiam
947 914 1089 996 interire,

78 1005 196 1068 nonin
214 1003 362 1079 nihilum,
382 1003 490 1067 sedin
513 1025 587 1068 suas
605 1007 724 1087 partes,
743 1024 824 1087 quae
841 1003 968 1068 infinite
987 1004 1089 1067 secari

79 1113 115 1156 ac
147 1091 249 1156 dividi
280 1092 423 1175 possint,
455 1113 527 1156 cnm
560 1091 604 1154 sit
635 1091 716 1154 nihil
749 1091 879 1156 omnino
911 1092 945 1156 in
982 1113 1088 1156 rerum

42 1183 198 1245 sanatura
225 1179 408 1261 minimum,
440 1179 523 1264 qnod
551 1178 651 1243 dividi
683 1183 833 1263 nequeat3
867 1202 948 1264 quae
980 1183 1088 1244 autem

79 1271 287 1345 moveantur,
315 1268 423 1332 omnia
444 1267 623 1332 intervallis
647 1267 783 1352 moveri,
813 1289 895 1352 quae
917 1267 1089 1334 intervalla

77 1356 156 1420 item
189 1355 314 1419 infinite
346 1355 445 1420 dividi
474 1355 612 1439 possint.
663 1355 708 1420 Et
740 1377 812 1420 cum
844 1357 891 1420 ita
921 1360 1088 1421 moveatur
1108 1366 1142 1416 28

78 1445 137 1508 illa
160 1444 220 1526 vis,
245 1465 342 1528 quam
366 1444 557 1528 qualitatem
594 1465 663 1508 esse
702 1443 855 1526 diximus,
881 1449 915 1508 εὴ
942 1466 1015 1509 curn
1044 1444 1089 1508 sic

79 1533 166 1597 ultro
200 1532 344 1616 citroque
376 1535 534 1612 versetur,
559 1535 604 1604 et
640 1532 810 1596 materiam
848 1533 954 1615 ipsam
985 1535 1090 1596 totam

43 1645 67 1685 rs
80 1621 210 1704 penitus
234 1620 425 1685 commutari
443 1624 563 1704 putant
581 1624 615 1683 et
637 1619 695 1684 illa
714 1619 806 1702 effici,
824 1641 905 1704 quae
925 1621 1091 1703 appellant

80 1709 228 1794 qualia
248 1730 265 1772 e
284 1709 401 1792 quibus
416 1709 504 1772 omni
517 1711 634 1772 natura
648 1707 840 1773 cohaerente
855 1711 887 1770 et
902 1708 1091 1772 continuata

79 1819 154 1862 cum
177 1797 327 1862 omnibus
350 1797 416 1860 suis
438 1797 587 1879 partibus
609 1818 710 1861 unum
734 1795 881 1859 effectum
905 1816 976 1858 esse
1000 1817 1090 1858 mun-

80 1887 171 1962 dum,
195 1889 288 1948 extra
310 1906 405 1968 quern
432 1885 521 1948 nulla
549 1885 702 1948 materiae
730 1905 806 1966 pars
835 1883 878 1948 sit
905 1883 1090 1966 nullumque

80 1995 211 2056 corpns3
240 1975 350 2056 partes
374 1976 481 2036 autern
504 1994 574 2036 esse
596 1972 708 2036 mnndi
731 1973 852 2056 omnia,
880 1993 961 2056 quae
989 1971 1092 2035 insint

44 2087 68 2126 n
81 2063 115 2126 in
137 2083 191 2144 ee,
220 2081 300 2145 quae
323 2064 440 2124 natura
463 2061 620 2126 sentiente
648 2063 832 2143 teneantur,
855 2060 890 2124 in
917 2083 980 2144 qua
1007 2061 1090 2124 ratio

80 2149 228 2234 perfecta
249 2149 340 2232 insit,
365 2170 446 2233 quae
470 2148 514 2213 sit
537 2149 647 2214 eadem
663 2150 862 2232 sempiterna
885 2145 981 2233 (nihil
1004 2149 1090 2212 cnint
1110 2158 1143 2205 ‘29

81 2237 244 2303 valentius
273 2258 356 2320 esse,
386 2259 406 2300 a
432 2259 496 2320 quo
524 2236 692 2323 intereat);
722 2259 819 2321 qnam
851 2239 917 2301 vim
950 2237 1091 2300 animum

81 2348 152 2391 esse
181 2325 292 2390 dieunt
319 2325 442 2408 mundi,
474 2325 670 2409 eandemque
698 2347 767 2390 esse
794 2328 934 2390 mentem
966 2325 1091 2408 sapien-

81 2415 225 2498 tiamque
244 2412 435 2497 perfectam,
454 2435 549 2498 quem
568 2413 662 2477 deum
682 2413 863 2496 appellant,
886 2413 1091 2496 omniumque

45 2528 68 2568 ss
81 2524 207 2583 rerum,
226 2523 308 2586 quae
327 2501 392 2565 sint
416 2501 445 2580 ei
463 2501 639 2584 subiectae,
659 2501 751 2584 quasi
769 2500 974 2584 prudentiam
993 2521 1092 2582 qnan-
1188 2553 1196 2568 ,

81 2591 171 2673 dam,
199 2592 424 2673 procurantem
448 2589 600 2653 caelestia
623 2589 776 2672 maxime,
804 2588 916 2652 deinde
939 2588 974 2651 in
995 2589 1092 2652 terris

82 2701 130 2762 ea,
144 2699 228 2762 quae
241 2678 427 2760 pertineant
442 2676 482 2741 ad
495 2677 658 2762 homines3
672 2699 768 2760 quam
782 2675 943 2740 interdum
958 2675 1093 2741 eandem

81 2767 310 2832 necessitatem
333 2763 511 2849 appellant,
534 2765 609 2848 quia
630 2765 713 2829 nihil
737 2765 829 2828 aliter
852 2765 969 2848 possit,
997 2768 1093 2848 atque

83 2857 124 2919 ab
144 2877 184 2918 ea
200 2853 413 2918 constitutum
432 2854 487 2936 sit,
506 2853 646 2936 evenire,
669 2853 762 2936 quasi
780 2852 913 2917 fatalem
932 2857 963 2916 et
980 2853 1093 2917 immu-

47 2968 71 3008 so
84 2942 222 3008 tabilem
246 2942 520 3006 continuationem
543 2940 664 3005 ordinis
689 2941 887 3024 sempiterni3
911 2963 977 3006 non
1003 2963 1094 3005 nnm-

85 3054 182 3115 quam
202 3029 335 3094 candem
353 3029 532 3111 fortunam,
555 3029 639 3112 quod
659 3028 778 3094 efficiat
796 3030 899 3093 multa
917 3029 1094 3112 improvisa

85 3125 117 3184 et
129 3119 325 3201 necopinata
338 3117 432 3182 nobis
451 3124 586 3201 propter
599 3117 829 3182 obscuritatem
843 3117 1093 3201 ignorationem-

86 3229 145 3292 que
168 3228 352 3271 causarum.
666 3255 680 3262 ,

150 3295 263 3360 Tertia
299 3293 412 3358 deinde
449 3292 676 3377 philosophiae
712 3314 803 3376 pars,
837 3315 918 3377 quae
955 3295 1025 3355 erat
1059 3292 1093 3356 in
1114 3259 1148 3384 ἕο

51 3385 212 3449 aratione
245 3386 278 3446 et
310 3382 344 3446 in
375 3381 574 3464 disserendo,
610 3382 656 3446 sic
687 3381 891 3444 tractabatur
925 3380 965 3443 ab
998 3379 1091 3444 utris·

86 3495 158 3556 que:
206 3471 409 3553 Quamquam
450 3469 586 3533 oriretur
621 3490 640 3531 a
677 3467 840 3547 sensibus,
880 3471 989 3530 tamen
1029 3489 1095 3532 non

87 3582 155 3624 esse
179 3559 334 3623 iudicium
357 3556 503 3621 veritatis
530 3557 564 3619 in
588 3554 743 3620 sensibus.
779 3552 919 3617 Mentem
943 3554 1095 3618 volebant
