2568 3948
177 173 242 235 244
341 174 390 228 ΒΕ
409 174 554 229 FINIBUS
573 173 752 230 BONORUM
769 175 817 230 ΕΤ
834 175 1018 232 MALORUM

175 335 293 419 phonti
320 334 587 422 Dinomachoque
618 337 755 422 placuit,
790 342 846 403 aut
878 336 997 403 doloris
1030 339 1186 424 vacuitas,

176 423 402 508 utDiodorO,
435 428 491 489 ιιιι
523 426 627 510 prima
658 429 805 509 naturae,
843 429 880 489 ut
911 426 1066 526 antiquis,
1103 449 1186 510 quos

177 511 307 576 eosdem
330 511 542 578 Academicos
566 517 598 578 et
620 513 852 614 Peripateticos
874 514 1087 578 nominamus.
1122 513 1187 580 Sed

176 601 330 683 quoniam
347 622 415 665 non
437 605 575 684 possunt
593 601 702 666 omnia
721 601 818 664 simul
842 600 918 684 dici,
940 600 1047 666 haec
1037 624 1072 666 m
1093 623 1187 686 prae

176 688 282 752 sentia
308 692 388 753 nota
415 710 485 754 esse
512 689 687 773 debebunt,
719 690 920 773 voluptatem
953 690 1214 756 semovendam

162 797 260 859 esse,
287 775 415 860 quando
443 774 484 841 ad
511 777 636 843 maiora
658 777 829 861 quaedam,
855 777 980 840 utiam
1004 779 1185 861 apparebit,

176 865 248 928 nati
279 885 397 928 sumus.
451 862 501 928 De
532 865 692 928 vacuitate
724 864 845 928 doloris
877 865 988 929 eadem
1018 864 1086 928 fere
1119 866 1185 939 dici

176 952 296 1034 solent,
328 973 409 1035 quae
442 952 480 1016 de
512 953 689 1036 voluptate.
744 951 917 1032 [Quoniam
948 951 1050 1036 igitur
1080 957 1113 1017 ιι
1144 954 1186 1016 de

175 1040 343 1122 voluptate
365 1061 437 1104 cum
461 1039 625 1124 Torquato
649 1043 682 1104 et
704 1039 744 1103 de
766 1039 951 1123 honestate,
974 1041 1009 1104 in
1032 1062 1095 1124 qua
1118 1063 1186 1106 una

175 1149 268 1190 omne
290 1127 413 1191 bonum
435 1131 621 1211 poneretur,
648 1149 721 1192 cum
744 1125 867 1193 (latone
895 1131 946 1191 est
972 1127 1186 1212 disputatum,
1202 1157 1231 1193 ιο

176 1215 330 1297 primum,
357 1235 438 1298 quae
467 1218 581 1280 contra
609 1215 809 1366 voluptatem
837 1215 923 1280 dicta
950 1220 1038 1297 sunt,
1069 1216 1184 1280 eadem

123 1318 156 1365 ιι
176 1302 242 1365 fere
274 1302 392 1366 cadunt
377 1304 501 1367 ttcon
502 1324 538 1367 ιι
569 1303 765 1366 vacuitatem
797 1302 941 1382 doloris]
999 1301 1068 1368 Nec
1104 1325 1185 1368 vero

176 1389 241 1454 alia
274 1393 350 1454 sunt
381 1389 564 1474 quaerenda
596 1393 707 1455 contra
740 1387 953 1455 Oameadiam
989 1391 1080 1456 illam
1113 1413 1185 1456 sen-

174 1478 320 1566 tentiam
373 1477 581 1562 Quocumque
614 1461 699 1542 enim
731 1477 827 1543 modo
862 1499 1022 1542 summum
1057 1478 1184 1543 bonum

176 1567 222 1630 sic
244 1566 427 1648 exponitur,
453 1568 491 1630 ut
476 1565 551 1630 tid
578 1569 674 1630 vacet
700 1565 883 1648 honestate,
910 1587 971 1630 nec
993 1565 1100 1630 officia
1123 1587 1186 1631 nec
1201 1593 1227 1630 ιι

174 1653 343 1717 virtutes
333 1675 368 1718 m
391 1654 578 1719 curatione
601 1675 660 1718 nec
684 1653 845 1717 amicitiae
864 1656 1013 1717 constare
1036 1659 1185 1805 possunt.

175 1739 366 1806 Coniunctio
395 1746 503 1806 autem
531 1764 604 1805 cum
634 1740 751 1805 honest
736 1744 804 1805 tate
836 1741 888 1804 vel
920 1741 1081 1822 voluptat‘
1036 1763 1099 1805 ιιι
1131 1744 1185 1805 ιιι

174 1852 239 1894 non
262 1829 390 1902 dolendi
412 1829 444 1893 id
466 1831 573 1913 ipsum
599 1828 787 1911 honestum,
816 1829 901 1912 quod
929 1829 1081 1911 amplecti
1103 1831 1184 1908 vult,

174 1917 207 1982 id
231 1916 331 1982 efficit
352 1921 455 2000 turpe.
499 1916 551 1981 Ad
575 1937 628 1982 eas
652 1916 738 1981 enim
761 1937 811 1980 res
834 1915 965 1999 referre,
988 1937 1070 2000 quae
1094 1937 1184 2002 agas,

175 2027 310 2090 quarum
341 2026 419 2087 una,
451 2005 479 2068 si
511 2004 582 2089 quis
615 2004 700 2069 malo
734 2008 854 2087 careat,
887 2004 923 2067 in
953 2025 1079 2069 summo
1109 2026 1183 2068 eum
1199 2030 1225 2068 ιο

174 2094 260 2157 bono
292 2092 378 2156 dicat
408 2113 491 2175 esse,
523 2092 627 2156 altera
657 2092 843 2156 versetnr'
833 2113 869 2156 ιιι
894 2091 1060 2156 levissima
1089 2097 1184 2176 parte

174 2184 232 2244 nat
233 2201 318 2262 urae,
338 2179 541 2246 obscurantis
561 2184 611 2243 ιιι
630 2200 757 2243 omnem
772 2179 974 2263 splendorem
992 2179 1185 2266 honestatis,

174 2289 215 2331 ιιι
247 2231 393 2331 dicdm
384 2267 555 2351 mquinant
555 2267 592 2331 ιι.
646 2267 785 2332 Restant
817 2265 931 2351 Stoici,
970 2267 1025 2351 qui
1058 2289 1131 2331 cum
1164 2291 1185 2332 ι

174 2355 457 2438 Peripateticiset
442 2355 679 2420 tAcademicis
703 2355 812 2420 omnia
842 2355 1099 2438 transtulissent,
1125 2377 1184 2420 no-

174 2444 315 2508 minibus
345 2443 419 2508 aliis
453 2444 580 2508 easdem
612 2465 664 2508 res
692 2443 793 2508 secuti
828 2447 911 2507 sunt.
966 2442 1036 2507 Hos
1070 2406 1225 2508 ctntran

175 2533 319 2617 singulos
350 2533 415 2597 dici
446 2535 495 2596 ιιι
523 2532 646 2596 melius.
699 2529 761 2595 Sed
792 2553 890 2614 nunc,
923 2530 1008 2614 quod
1041 2519 1184 2615 agimus,

122 2634 155 2682 ιι
175 2621 214 2684 de
241 2620 321 2702 illis,
353 2642 426 2684 cum
458 2620 611 2685 volemus.
666 2619 844 2684 Democriti
876 2621 984 2683 autem
1017 2619 1186 2701 securitas,

176 2728 256 2791 quae
283 2670 333 2772 ιιι
360 2708 461 2772 animi
488 2707 721 2791 tranquillitas,
749 2729 845 2790 quam
873 2706 1052 2790 appellavit
1081 2701 1186 2770 ιυθυ-

175 2797 270 2878 μίαν,
289 2816 327 2859 ιο
347 2795 525 2878 separanda
542 2795 606 2860 luit
623 2795 664 2859 ab
683 2795 744 2858 hac
764 2794 875 2877 disput
876 2795 999 2877 atione,
1022 2794 1098 2877 quia
1118 2793 1184 2859 ista
1275 2859 1276 2868 ,

176 2882 274 2948 animi
296 2883 481 2967 tranquillit
483 2905 518 2948 as
542 2905 580 2948 sa
604 2887 653 2946 ιιι
675 2883 749 2966 ipsa
770 2882 868 2946 besta
833 2882 972 2964 tacita,
1000 2882 1184 2965 quaerimus
1199 2906 1226 2946 ιο

176 2975 296 3054 autem,
327 2993 394 3035 non
425 2993 505 3055 quae
538 2972 593 3048 sit,
626 2971 683 3035 sed
714 2970 798 3033 unde
831 2970 881 3034 sit.
932 2967 1002 3033 Iam
1032 2970 1184 3053 explosae

175 3059 356 3142 eiectaeque
375 3060 553 3124 sententiae
571 3059 763 3143 Pyrrhonis,
782 3057 960 3140 Aristonis,
983 3056 1080 3121 Erilli
1098 3059 1184 3141 quod

174 3150 210 3210 in
231 3145 317 3211 hunc
340 3147 465 3229 orbem,
488 3168 583 3230 quem
606 3146 929 3229 circumscripsimus,
953 3145 1094 3210 incidere
1117 3167 1185 3209 non

175 3238 324 3318 possunt,
348 3233 547 3299 adhibendae
574 3235 706 3299 omnino
728 3254 793 3299 non
816 3233 954 3298 luerunt.
999 3231 1185 3298 Nemeum

176 3323 279 3388 omnis
306 3323 387 3386 haec
415 3326 528 3406 quaest
529 3321 560 3387 ιο
514 3321 628 3386 tde
650 3321 826 3385 finibust
793 3325 826 3386 et
854 3322 946 3406 quasi
969 3321 1008 3386 de
1031 3323 1183 3386 extremis
1199 3345 1225 3386 ιι

175 3411 398 3475 bonorumet
424 3410 583 3474 malorum
612 3409 652 3473 ab
677 3426 714 3474 eo
737 3410 977 3493 proficiscatur,
1003 3409 1088 3492 quod
1106 3409 1186 3473 dixi-

175 3519 246 3560 mus
270 3501 406 3562 naturae
430 3519 500 3560 esse
524 3499 636 3580 aptum
659 3499 692 3560 et
719 3497 1009 3578 accommodatum,
1036 3497 1185 3579 quodque
