2470 3962
159 161 198 215 Vl
479 155 690 212 ADNOTATIO
710 156 861 213 CBITICA.

160 317 261 372 Baiter.
282 347 315 356 -
335 317 364 370 P.
386 321 426 372 14.
447 321 479 370 19
498 332 589 371 raum
606 319 678 372 notis
696 318 777 385 quasi
793 318 909 373 ducibus
929 317 1033 385 Daris,
1052 317 1173 386 Baiter,

159 389 240 459 qnasi
252 403 342 442 ruunt
354 389 426 441 notis
439 387 554 442 ducibus
568 387 657 453 codd,
672 389 752 456 quasi
764 404 855 442 suun
871 389 1058 442 notationibus
1071 388 1172 442 Halm.

159 489 194 499 ·-
212 458 242 513 P.
263 463 304 513 14.
324 465 356 513 21
380 458 493 526 deniqne
515 457 625 526 scripsi,
648 459 680 511 in
705 474 760 526 qua
782 458 877 526 codd,
900 460 968 526 †in
990 475 1045 527 quo
1062 459 1172 526 Halm,

159 531 256 598 inquo
269 529 356 595 Man,
375 527 490 595 Baiter.,
509 529 550 582 ita
564 527 688 596 Madvig.
704 557 736 568 —
751 529 781 583 P.
798 536 838 583 14.
853 535 887 583 23
901 529 1059 599 [oratoria]
1072 529 1171 583 Halm.

160 632 193 640 -
212 601 242 654 Ρ.
259 605 300 652 14.
320 604 353 654 25
372 599 449 653 Haec
467 604 525 653 erat
542 599 599 653 iltis
616 599 706 664 furna
724 599 856 669 Madvig,
875 599 961 667 Bait,
980 600 1057 654 Haec
1070 601 1173 670 priua

159 676 218 726 erat
234 671 292 724 iltis
304 671 400 738 prima
418 669 478 724 cod.
498 667 580 733 ised„
602 669 680 724 Haeo
698 675 756 724 erat
773 671 830 723 illis
843 671 938 738 prino
955 669 1070 738 reliqui,
1089 670 1173 724 Haec

158 743 249 809 forma
266 746 324 794 erat
341 741 398 794 illis
414 741 535 808 primurn
551 739 644 795 Halm.
664 770 698 779 -
715 738 746 793 P.
763 747 803 794 14.
823 747 857 794 26
875 741 1076 811 dissupationes
1094 740 1172 794 Bait.

160 829 194 866 ex
215 809 321 865 Halmii
343 808 426 882 coni,
456 810 654 879 disputationes
676 809 770 878 codd,
793 811 993 866 immutationes
1014 811 1109 865 Halm.
1137 843 1172 848 —

159 881 189 936 P.
210 888 252 937 14.
275 888 309 936 66
331 882 415 947 ferret
437 880 515 947 um,
537 878 608 934 Bait.
628 910 661 920 -
679 878 710 936 P.
733 886 824 936 15.15
847 887 1032 949 moveretur
1053 881 1173 949 Baiter,

155 955 311 1022 partiretur
330 951 454 1018 Bentley.
474 950 536 1005 Vid.
555 950 621 1004 fam.
640 949 692 1006 XV
710 957 753 1005 21.
770 957 787 1005 4
806 957 884 1007 acute
900 953 1063 1025 nocebatur.
1083 983 1119 991 -
1138 951 1172 1008 P.

161 1030 201 1078 15.
216 1030 251 1078 26
265 1023 403 1076 incideret
415 1021 498 1089 Bait,
511 1022 648 1076 inciderit
661 1020 722 1076 rell.
737 1051 770 1062 --
784 1020 815 1076 Ρ.
832 1028 873 1076 15.
889 1029 921 1076 31
936 1023 1023 1093 [9999]
1037 1021 1173 1078 Ernestio

159 1096 273 1149 auctore
291 1092 377 1157 Bait,
400 1108 456 1147 non
474 1110 501 1160 p.
522 1098 563 1147 16.
583 1096 629 1156 13;
647 1091 704 1147 vid.
723 1091 815 1146 Madv.
836 1093 871 1147 de
893 1093 938 1149 fin.
957 1110 985 1161 p.
1006 1099 1056 1148 733
1072 1111 1113 1160 sq.
1137 1125 1172 1132 -

158 1164 190 1219 P.
211 1171 252 1219 16.
273 1169 305 1216 11
329 1164 570 1230 perturbationem
596 1179 653 1216 non
681 1164 742 1216 erat
764 1180 813 1217 eur
834 1163 926 1217 Halm.
950 1167 979 1218 91
1000 1163 1073 1218 Bait.
1105 1181 1171 1218 cum

159 1235 223 1289 aliis
241 1235 383 1287 mutarent
404 1232 435 1287 in
453 1233 695 1302 perturbationes,
718 1248 769 1286 uec
792 1239 989 1288 11399199
1011 1233 1041 1286 in
1059 1251 1113 1290 eas.
1135 1265 1171 1273 —

158 1305 189 1358 P.
210 1311 251 1359 16.
272 1311 305 1358 23
329 1321 369 1371 sq.
393 1309 425 1357 ut
446 1308 576 1374 quattuor
598 1303 689 1357 initiis
708 1333 739 1343 -
757 1305 897 1360 >adhiberet
918 1305 994 1373 vulg.
1020 1304 1113 1359 deleto
1128 1306 1171 1370 in,

160 1375 235 1444 quod
252 1377 295 1429 991
307 1374 337 1426 in
351 1374 431 1429 codd.
451 1375 515 1428 ante
534 1378 676 1441 quattuor,
694 1376 869 1442 corruptum,
887 1375 980 1442 eredo,
999 1390 1034 1428 ex
1052 1375 1111 1440 IV,
1126 1377 1172 1429 nti

158 1451 288 1515 quattuor
306 1444 407 1498 Baiter.
427 1475 460 1484 --
480 1443 510 1498 P.
531 1450 571 1499 16.
592 1449 626 1498 26
649 1445 738 1512 ipsam
755 1461 823 1499 eone
840 1450 971 1500 notnrorn
993 1445 1028 1498 de
1053 1445 1171 1500 Christii

159 1515 299 1570 sententia
314 1515 406 1569 Halm.
426 1517 456 1569 91
467 1514 584 1580 Baiter,
608 1531 663 1581 qua
680 1530 738 1568 non
760 1531 829 1583 opus
848 1531 908 1569 esse
928 1515 1024 1569 docuit
1042 1515 1168 1584 Madvig.

159 1587 194 1641 de
216 1587 262 1640 fin.
285 1585 373 1639 1128.
393 1591 426 1640 93
444 1602 472 1654 p.
491 1591 551 1640 298.
571 1583 642 1638 Add.
656 1602 684 1653 p.
699 1590 742 1639 57.
762 1591 795 1638 29
814 1587 921 1640 etiamsi
937 1587 995 1654 ipse
1012 1587 1072 1651 erit,
1090 1601 1170 1655 quern

158 1658 272 1723 91919999,
289 1657 338 1725 qui
356 1657 408 1710 titi
425 1656 569 1711 uidebitur.
588 1685 621 1696 —-
640 1653 671 1708 P.
688 1661 728 1710 16.
748 1661 781 1710 27
800 1672 870 1724 qnae
887 1657 1032 1725 quidque
1042 1658 1169 1779 (91999991

158 1733 183 1782 et
201 1732 312 1782 99991919
329 1731 409 1794 atque
427 1741 520 1782 sensus
537 1741 624 1795 prave
643 1725 749 1780 dietum
771 1728 854 1795 putat
871 1726 994 1796 Madvig.
1014 1728 1040 1794 (9
1063 1769 1068 1780 .
1084 1726 1129 1780 Or.
1140 1726 1169 1778 Π

158 1817 184 1867 p.
215 1800 290 1866 864),
318 1797 438 1866 primum
462 1796 537 1864 quod
559 1797 677 1865 quidque
698 1812 755 1851 uon
778 1796 815 1849 sit
838 1799 943 1862 onnia,
967 1796 1068 1850 deinde
1092 1797 1168 1864 quod

159 1871 232 1923 Zeno
251 1867 365 1921 minime
388 1867 483 1937 ignem
502 1866 595 1920 omnia
614 1865 728 1935 gignere
747 1867 888 1933 statuerit,
914 1867 1033 1935 denique
1051 1869 1169 1936 propter

159 1946 238 2008 atque
258 1938 382 1992 *1911919
395 1937 547 2007 particula,
563 1935 643 2004 quasi
657 1936 712 1990 dno
727 1935 783 1990 sint
796 1937 935 2006 membra,
953 1937 1074 2007 primum
1087 1939 1166 2006 qnid-

158 2027 217 2079 999,
231 2009 296 2063 dein
310 2013 421 2064 mentem
435 2013 514 2077 atque
527 2007 647 2073 sensus',
661 2007 854 2075 persuasitque
864 2007 976 2062 Baitero
991 2007 1167 2062 scribendum

160 2096 219 2134 esse
241 2082 336 2148 cuique
358 2081 478 2148 pipneret
500 2083 619 2133 nentem.
663 2077 696 2130 ln
719 2094 773 2145 quo
796 2095 853 2132 non
875 2077 1022 2148 intellego,
1045 2077 1167 2146 primum

54 2157 55 2161 ’
159 2149 271 2204 omnino
290 2167 339 2204 our
357 2149 485 2204 additum
503 2148 632 2203 videatur
650 2148 758 2216 991999,
778 2147 891 2214 deinde,
910 2147 934 2202 si
951 2148 1009 2202 iam
1022 2150 1098 2202 recte
1117 2149 1166 2202 ad-

159 2221 234 2275 ditus
253 2220 289 2274 sit
307 2221 432 2287 dativus,
457 2218 596 2287 quomodo
614 2217 790 2272 accusativus
809 2234 865 2272 non
886 2219 977 2288 possit
994 2235 1051 2272 non
1070 2219 1164 2272 valere

158 2292 263 2356 omnia,
287 2290 399 2344 dativus
421 2288 511 2360 possit
528 2287 574 2342 vel
592 2289 715 2342 omnibus
732 2287 779 2342 vel
806 2288 942 2356 quidquid
958 2289 1037 2343 valet
1054 2305 1164 2343 accusa-

157 2361 232 2415 tivus
257 2360 314 2414 ille.
357 2361 418 2429 Ego
445 2375 513 2428 9999
537 2359 654 2428 quidque
678 2360 798 2427 91999991
821 2359 990 2428 interpretor
1014 2375 1070 2414 non
1097 2377 1165 2428 quae

158 2433 251 2487 onnia
268 2433 402 2501 pipneret,
425 2430 473 2484 sed
496 2445 565 2498 quae
587 2431 619 2482 in
640 2429 758 2498 sinpulis
779 2431 871 2494 rebus,
897 2445 965 2498 quae
982 2431 1164 2498 pipnerentru,

158 2518 190 2557 ea
208 2507 272 2556 esset
290 2506 408 2566 natura,
426 2515 495 2568 qnae
512 2500 645 2568 pipneret,
669 2501 702 2552 ut
719 2517 745 2568 p.
766 2505 807 2554 99.
828 2505 861 2554 16
880 2517 949 2568 quae
966 2502 1008 2553 cis
1025 2501 1074 2565 sit,
1097 2517 1164 2568 9999

158 2574 275 2641 quidque
292 2573 395 2639 efficiat
413 2569 479 2638 (vid.
500 2569 581 2636 Seyff.
599 2569 675 2624 Lael.
694 2587 721 2638 p.
742 2576 794 2624 379
814 2569 932 2624 etiaim
950 2570 987 2624 ad
1005 2588 1031 2638 p.
1047 2577 1111 2642 231.
1123 2577 1168 2637 16,Ι

149 2649 218 2696 431.
238 2643 296 2711 19),
314 2643 344 2696 91
356 2647 467 2695 nentem
486 2645 566 2708 atque
583 2655 677 2694 sensns
693 2656 750 2693 non
767 2640 858 2694 miuus
877 2657 961 2708 quam
980 2640 1087 2694 duobus
1104 2657 1162 2694 ver-

159 2713 235 2767 sibus
254 2714 319 2766 9919
338 2713 399 2764 arte
418 2709 566 2764 coniuncta
585 2725 643 2764 esse
662 2709 796 2778 arbitror,
816 2713 849 2764 ut
866 2710 922 2765 sint
942 2710 1014 2764 ‘duo
1033 2711 1162 2778 membra,

158 2783 279 2852 primunr
302 2782 431 2850 quidque,
455 2780 520 2834 dein
541 2785 653 2836 nenton
675 2784 755 2848 atque
779 2781 900 2836 sensus'.
936 2780 1054 2834 Zenonis
1072 2783 1162 2834 autem

158 2853 245 2922 ipsius
263 2867 334 2919 quae
352 2851 438 2905 faerit
456 2849 606 2916 sententia,
624 2867 681 2904 nou
698 2850 780 2904 nimis
800 2849 1055 2906 curo.-P.1't.1
1074 2853 1160 2920 1999·-

159 2927 218 2979 deu
234 2922 292 2976 vid.
312 2921 349 2976 ad
365 2940 392 2990 p.
413 2927 454 2976 18.
475 2927 516 2974 13.
536 2951 569 2960 —
587 2919 619 2976 P.
639 2927 680 2976 18.
700 2926 716 2975 3
742 2921 850 2975 Horum
868 2937 922 2976 esse
940 2926 1029 2976 autern
1047 2923 1162 2976 arbitror·

160 2992 267 3048 conieci
284 3010 378 3062 progr.
397 2991 566 3060 Laudsberg‘.
587 2996 654 3046 1866
672 3008 700 3060 p.
720 2995 754 3044 18
777 2991 908 3062 ignorans
926 2991 1002 3046 idem
1019 2991 1076 3046 iarn
1094 2991 1161 3045 Goe-

158 3063 263 3118 9991119
283 3065 312 3116 91
331 3061 476 3116 Schuetzio
495 3061 646 3130 placuisse,
666 3077 759 3116 uuum
776 3077 829 3116 esse
846 3067 936 3116 auten
955 3061 1050 3130 codd,
1075 3078 1163 3116 oerum

158 3151 212 3190 esse
229 3133 353 3204 [antem]
371 3132 477 3198 Halm,
496 3137 620 3200 †oerurn
638 3147 691 3186 esse
708 3137 798 3186 auteur
813 3119 934 3186 Bait&-
948 3131 979 3187 P.
996 3137 1036 3186 18.
1052 3139 1068 3186 6
1088 3132 1162 3186 Tne

159 3204 295 3273 scriptum
319 3205 360 3264 991
382 3202 411 3256 in
434 3202 514 3258 codd.
539 3205 568 3256 et
586 3204 730 3270 receptum
748 3202 784 3256 ab
801 3199 913 3256 Halmio
933 3205 962 3256 et
980 3202 1104 3268 Baiter03
1128 3202 1160 3256 cf.

159 3292 186 3343 p.
203 3281 261 3329 136.
277 3280 301 3328 9.
318 3303 349 3312 -
363 3271 395 3327 P.
412 3279 452 3328 18.
469 3279 501 3327 13
520 3277 552 3328 ut
568 3274 675 3342 quidun
688 3273 756 3327 niti
773 3274 880 3327 odietur
894 3271 955 3342 cod.
971 3271 1039 3326 Ged.
1055 3272 1160 3341 aliique,

160 3344 234 3412 quod
248 3360 305 3398 non
319 3360 407 3399 essem
421 3361 503 3398 ausus
522 3343 759 3413 repudiare'(nam
772 3343 871 3411 habet,
891 3359 946 3410 quo
959 3343 1006 3397 vel
1021 3345 1161 3397 excusetur

159 3415 206 3468 vel
216 3414 388 3484 explicetur),
402 3414 456 3468 nisi
470 3414 588 3468 eandem
601 3413 769 3483 particulam
782 3412 907 3467 viderem
915 3430 972 3467 non
986 3429 1049 3467 raro
1058 3414 1103 3468 vel
1115 3431 1160 3468 suo

160 3484 223 3539 loco
242 3491 349 3539 motam
367 3486 414 3539 191
433 3485 565 3539 omissam
583 3500 656 3552 esse,
674 3484 707 3537 ut
720 3500 747 3552 p.
763 3489 787 3540 9.
803 3489 836 3538 28
855 3489 887 3538 ut
904 3485 972 3540 milti
988 3485 1161 3555 9119199999·-
