2586 3950
341 207 408 264 Lis.
427 207 461 262 ΙΙ.
490 207 566 262 cap,
586 213 672 262 a-r.
701 213 716 272 e
737 213 856 262 re-ao.
1039 207 1101 270 129

91 372 163 432 arte
188 369 373 453 distinguit,
396 372 433 432 ut
455 368 536 434 haee
558 369 644 452 ipsa,
667 389 748 452 quae
767 369 861 434 modo
884 369 1101 452 loquebamur.

93 455 263 541 Summum
290 479 310 520 a
336 457 428 522 robis
459 457 580 522 bonum
603 458 754 539 voluptas
778 457 902 522 dieitur.
946 456 1102 539 Aperien-

93 544 170 608 dum
198 548 249 608 est
275 544 391 629 igitur,
418 544 496 628 quid
519 545 562 608 sit
585 545 747 629 voluptas;
778 544 872 608 aliter
894 544 979 608 enim
1003 544 1101 627 expli-

94 633 181 714 oari,
203 632 288 717 quod
315 633 494 716 quaeritur,
520 654 586 697 non
612 635 730 715 potest.
779 631 882 708 Quem
912 633 940 695 si
964 633 1102 715 expliea-

63 747 77 784 5
93 719 208 802 visset,
230 724 382 785 nontam
403 719 588 784 haesitaret.
624 721 692 784 Aut
709 719 794 784 enim
813 741 883 783 eam
902 719 1111 808 voluptatem,

93 811 253 890 tueretur,
276 829 373 892 quam
392 806 594 891 Aristippus,
618 808 650 871 id
669 813 732 890 est,
755 829 819 892 qua
837 829 948 872 sensus
967 806 1104 870 dulciter

20 915 21 918 ’
95 918 132 959 ao
160 894 296 960 iucunde
323 899 485 978 movetur,
517 917 615 980 quam
648 895 745 959 etiam
776 895 926 978 pecudes,
956 895 984 958 si
1013 895 1102 978 loqui

93 987 239 1066 possent,
259 983 461 1066 appellarent
477 984 686 1067 voluptatem,
706 987 770 1065 aut,
790 983 819 1048 si
837 984 942 1067 magis
960 984 1103 1066 placeret

94 1093 154 1136 suo
177 1092 266 1136 more
290 1071 392 1154 loqui,
416 1093 514 1154 quam
536 1075 572 1134 ut

50 1219 76 1258 ro
184 1191 324 1258 Omnes
347 1191 473 1258 Danai
496 1197 609 1278 etque
631 1193 893 1277 Mycenenses,

182 1279 317 1346 Attica
338 1281 457 1364 pubes
530 1355 534 1360 ¹

92 1421 273 1507 reliquique
306 1420 433 1502 Graeci,
466 1422 521 1505 qui
552 1422 614 1487 hoo
647 1425 823 1505 anapaesto
856 1423 1010 1504 citantur,
1041 1420 1102 1486 hoo

92 1531 161 1574 non
184 1508 291 1574 dolere
319 1508 423 1574 solum
450 1510 627 1592 voluptatis
650 1509 780 1574 nomine
806 1510 997 1593 appellaret,
1024 1509 1101 1573 illud

94 1596 320 1679 Aristippeum
343 1600 573 1676 contemneret,
601 1601 670 1680 aut,
701 1597 727 1660 si
750 1600 920 1680 utrumque
942 1597 1104 1680 probaret,

51 1711 78 1750 15
93 1689 132 1748 ut
153 1684 284 1769 probat,
307 1685 517 1768 coniungeret
540 1684 659 1750 doloris
682 1683 880 1748 vaouitatem
899 1705 971 1748 oum
993 1685 1103 1767 volup-

93 1776 164 1835 tate
183 1775 216 1835 et
234 1771 359 1837 duobus
378 1772 503 1836 ultimis
522 1776 674 1837 uteretur.
712 1771 810 1837 Multi
829 1772 915 1835 enim
939 1776 971 1836 et
993 1771 1104 1855 magni
1126 1785 1156 1834 19

93 1859 282 1942 philosophi
308 1859 388 1924 haec
415 1860 529 1924 ultima
556 1861 716 1926 bonorum
743 1861 854 1939 iuncta¹
880 1859 1039 1942 fecerunt,
1068 1862 1106 1922 nt

20 1985 21 2020 ,
94 1947 290 2012 Aristoteles
322 1947 454 2018 virtutis
489 1971 583 2012 usum
616 1970 688 2013 eum
719 1948 805 2012 vitae
842 1947 1001 2032 perfectae
1031 1942 1104 2030 pro-
1166 1980 1172 1990 ·

20 2029 21 2036 '
95 2035 252 2119 speritate
280 2035 460 2116 coniunxit,
488 2033 637 2120 Callipho
666 2035 811 2102 adiunxit
835 2035 874 2100 ad
901 2035 1105 2100 honestatem

51 2151 80 2189 ao
95 2123 311 2207 voluptatem,
337 2121 500 2188 Diodorus
528 2124 569 2188 ad
592 2125 726 2188 eandem
754 2123 959 2188 honestatem
983 2124 1106 2188 addidit

94 2210 289 2275 vacuitatem
316 2210 445 2275 doloris.
495 2210 584 2276 Idem
612 2211 744 2276 fecisset
771 2211 945 2295 Epieurus,
976 2211 1004 2276 si
1035 2233 1104 2278 seu·

94 2299 233 2362 tentiam
254 2298 352 2382 hano,
375 2321 456 2383 quae
479 2321 563 2364 nune
586 2299 779 2382 Hieronymi
803 2302 865 2382 est,
888 2300 1107 2364 coniunxisset
1172 2377 1174 2380 ¹

96 2407 170 2450 oum
201 2385 364 2470 Aristippi
394 2391 502 2452 vetere
537 2388 706 2454 sententia.
759 2385 814 2450 Illi
842 2387 927 2451 enim
958 2388 1043 2451 inter
1072 2409 1105 2452 se

95 2474 297 2538 dissentiunt.
355 2473 532 2558 Propterea
568 2475 705 2560 singulis
739 2473 858 2538 finibus
894 2477 1029 2538 utuntur
1064 2480 1106 2553 et,

51 2589 80 2628 aa
97 2583 170 2626 oum
193 2565 325 2646 uterque
348 2561 469 2627 Graece
493 2563 620 2647 egregie
643 2563 808 2646 loquetur,
829 2583 888 2627 neo
909 2561 1107 2646 Aristippus,

97 2649 155 2732 qui
182 2649 380 2732 voluptatem
409 2672 570 2715 summum
597 2651 717 2716 bouum
750 2650 840 2733 dicit,
872 2649 907 2714 in
938 2651 1106 2734 voluptate

95 2735 192 2820 ponit
218 2757 283 2800 non
310 2738 432 2823 dolere,
451 2759 565 2824 neque
593 2737 827 2822 Hieronymus,
859 2738 914 2822 qui
946 2760 1105 2804 summum

95 2826 219 2889 bonum
243 2826 357 2890 statuit
374 2847 440 2890 non
463 2826 584 2911 dolere,
607 2827 784 2910 voluptatis
805 2827 934 2891 nomine
953 2849 1105 2910 umquam

96 2912 199 2976 utitur
222 2934 281 2996 pro
300 2913 359 2977 illa
376 2912 568 2999 indolentia,
591 2915 710 2999 quippe
734 2914 790 2998 qui
806 2936 847 2978 ne
866 2914 901 2978 in
920 2915 1104 2999 expetendis

54 3027 82 3066 ao
98 3000 227 3085 quidem
254 3001 351 3064 rebus
377 3005 526 3067 numeret
550 3004 759 3086 voluptatem.
803 3001 895 3068 Duae
921 3005 996 3068 sunt
1019 3003 1104 3066 enim
1124 2983 1159 3106 27„

96 3109 167 3239 {tt
181 3109 306 3241 ltili?
314 3110 409 3260 ’uli
424 3091 864 3262 llaelirlbilllltslllll
901 3089 1033 3243 dille
1054 3094 1106 3242 tt

95 3268 165 3327 tam
189 3263 399 3329 dissimilibus
429 3267 525 3330 rebus
547 3288 613 3331 non
634 3266 731 3332 modo
753 3288 873 3332 nomen
894 3289 993 3330 unum
1016 3263 1106 3352 (nam

96 3351 131 3415 id
157 3351 285 3416 facilius
312 3351 468 3438 paterer),
496 3355 552 3419 sed
579 3355 677 3419 etiam
705 3376 774 3420 rem
795 3377 893 3418 unam
921 3375 959 3418 ex
982 3355 1106 3419 duabus

56 3465 82 3505 rs
96 3438 203 3504 faeere
227 3440 402 3520 conamini,
430 3442 515 3526 quod
542 3443 611 3507 fieri
635 3443 725 3508 nullo
748 3442 844 3508 modo
873 3444 990 3525 potest.
1035 3441 1106 3524 Hie,

97 3526 154 3610 qui
175 3529 347 3612 utrumque
369 3529 499 3612 probat,
522 3531 680 3596 ambobus
704 3530 815 3596 debuit
836 3531 898 3613 uti,
921 3530 1005 3596 siout
1027 3529 1109 3595 fauit

20 3633 21 3678 ζ
150 3638 205 3680 exo.
218 3640 259 3681 1v.
279 3643 296 3682 1.
908 3638 946 3686 .9
