2470 3962
355 223 568 278 ADNOTATIO
587 221 739 277 catulos„
978 224 1055 278 XXV

53 380 167 450 positum
188 399 239 452 pro
263 383 341 437 tolia.
361 411 393 422 -
418 382 448 436 P.
463 387 523 437 220.
540 387 556 436 9
575 383 625 436 aret
636 382 714 436 citio
730 380 809 436 uncis
832 380 898 438 incl.
917 398 979 436 cum
997 381 1056 450 alii,
1160 399 1178 430 Α
1195 413 1215 456 ‚7

54 456 108 505 tum
124 453 195 508 Bait.
217 485 250 494 —
269 454 299 507 P.
315 457 406 508 221.5
425 455 521 507 sorites
539 457 585 506 est
602 451 857 520 Kayseroauctore
875 451 948 506 Bait.
963 453 1007 507 ed.¹
1021 454 1056 519 11,
1097 458 1100 461 “
1196 453 1215 470 ‘'

55 523 138 577 Madv.
157 525 199 580 ed.
224 524 272 578 IIL
297 553 330 564 -
353 522 384 577 P.
403 529 463 576 223.
485 529 500 576 5
520 523 699 577 aestimabiles
722 522 753 577 Ο.
772 521 852 578 Hein.
871 521 901 575 in
918 521 1055 576 Pls'ckeis.
1087 565 1091 575 .

56 610 110 646 ann.
132 594 199 663 phil.
225 599 295 648 1883
319 611 347 663 p.
366 599 431 660 245,
455 599 549 662 aptae,
572 593 675 648 habetes
698 593 792 659 codd,
816 597 898 660 aptae
919 593 1058 662 [lectites]
1188 592 1194 606 ¹

56 664 152 733 sinon,
174 663 247 720 Bait.
272 695 307 704 -
328 664 359 720 P.
379 669 439 720 224.
458 670 492 718 26
517 665 555 717 iis
577 662 688 732 scripsi,
713 663 794 718 codd.
819 664 848 716 et
871 662 1003 719 eddltis.
1022 693 1057 704 -

57 734 81 787 Ρ.
95 741 151 788 224.
165 741 198 789 31
218 735 291 804 qaod
312 735 458 802 propriam
477 733 591 788 seclusit
610 733 682 786 Bait.
701 733 730 787 in
749 734 792 787 sd.
811 733 876 787 min.
897 763 930 774 -
950 733 980 789 P.
995 740 1056 789 227.
1122 783 1123 786 ,
1152 783 1157 794 .,

57 811 69 857 7
94 806 239 874 loapaescit
266 805 347 860 codd.
377 805 477 872 detor„
504 804 594 874 vulg„
622 805 708 858 peseit
735 806 792 873 opt.
821 803 915 872 codd,
943 821 977 858 ex
1001 821 1059 872 quo

57 873 167 944 Madvig.
192 875 224 929 in'
245 874 288 931 ed.
312 876 338 929 II
361 875 517 944 suspicatus
541 877 585 928 est
603 874 779 928 scribendum
799 889 872 942 csso,
887 874 1011 946 scripsit
1027 877 1059 928 in

58 945 94 998 ed.
115 945 154 1000 ΠΙ
174 946 300 1012 senescit,
322 945 408 1014 falso,
432 945 543 1014 opinon;
565 960 631 998 nam
653 945 702 1012 qui
720 959 831 1014 corpore
854 947 979 1010 senescit,
1000 961 1059 999 non

59 1015 121 1068 solet
142 1018 284 1072 curatiore
301 1017 426 1070 adhibito
447 1016 514 1086 plus
532 1017 629 1070 cotidie
646 1017 742 1070 calere.
762 1046 795 1056 -
814 1015 845 1068 P.
859 1021 920 1070 227.
937 1022 969 1070 15
989 1016 1074 1080 088-1

57 1086 133 1150 saara
159 1088 217 1157 opt.
245 1086 340 1152 codd,
371 1085 457 1154 Bait,
491 1085 635 1153 Goaferam
663 1091 753 1141 autem
780 1086 880 1154 detes,
913 1085 1059 1151 tiariferam

58 1155 171 1227 [octar]
190 1155 246 1210 -3
264 1157 357 1210 Madv.
373 1187 406 1196 -
425 1156 523 1212 Ρ227.
540 1164 572 1210 16
592 1156 775 1211 1101188888
794 1155 875 1210 Goer.
890 1158 919 1210 et
936 1156 1009 1211 Bait.
1028 1156 1058 1210 in

59 1226 95 1279 ed.
112 1227 232 1282 Tauchn.
251 1258 288 1270 -
305 1227 335 1280 P.
351 1233 412 1283 227.
434 1233 467 1281 22
486 1229 518 1280 ia
537 1243 590 1284 om.
611 1227 670 1281 cod.
689 1227 724 1294 B,
748 1226 820 1281 Bait.
841 1257 874 1268 -
893 1227 923 1280 P.
943 1233 1003 1284 227.
1023 1234 1066 1281 37·

60 1297 148 1366 Itaque
164 1301 222 1353 ead.
242 1303 294 1353 rat.
314 1297 417 1366 Madv,
436 1303 516 1367 atque
534 1313 601 1352 usas
619 1299 677 1352 ead.
696 1301 750 1351 rat.
769 1297 850 1351 codd.
869 1297 935 1364 ΒΕ,
958 1299 1060 1367 ltapae

59 1383 145 1423 rursus
171 1369 229 1424 eod.
257 1373 312 1426 rat.
338 1367 409 1422 Bait.
434 1399 467 1408 -
491 1368 521 1423 P.
541 1373 601 1422 228.
622 1373 656 1422 20
678 1369 776 1422 delecto
800 1369 857 1437 opt.
884 1369 977 1435 codd,
1005 1371 1058 1423 de·

60 1437 119 1492 lecta
139 1439 215 1506 edd.;
243 1457 270 1494 v.
294 1439 331 1493 80
355 1456 382 1508 p.
408 1443 467 1492 105.
488 1443 530 1492 13.
555 1469 588 1478 -
612 1438 641 1492 P.
658 1442 717 1492 228.
735 1444 769 1494 23
787 1440 830 1493 leis
848 1454 911 1508 aap.
931 1439 1058 1508 plerique

60 1508 142 1576 codd,
159 1509 267 1577 Madv„
285 1511 346 1564 istis
361 1525 423 1578 orep.
439 1509 519 1563 codd.
535 1508 598 1574 ΒΕ,
617 1508 690 1563 Bait.
707 1539 740 1548 —·
754 1509 784 1564 P.
800 1515 860 1564 228.
875 1511 1056 1564 3518888818.

61 1579 129 1632 codd.
143 1580 210 1647 ΒΕ,
229 1580 294 1634 incl.
312 1577 387 1633 Bait.
407 1610 439 1620 -
458 1580 488 1633 P.
503 1585 564 1634 228.
580 1585 614 1634 33
632 1595 659 1634 se
677 1579 889 1648 0888811808,
908 1581 954 1634 sed
972 1581 1059 1634 dicere

61 1649 130 1702 codd.
148 1651 211 1718 ΒΕ,
229 1652 276 1705 sed
294 1651 404 1717 differre
421 1649 507 1718 vulg,
526 1649 597 1702 Bait.
614 1679 646 1689 —
664 1649 694 1702 P.
710 1655 770 1702 220.
787 1655 820 1703 14
837 1651 875 1704 sit
893 1650 973 1704 codd.
993 1650 1058 1719 BE,
1120 1688 1122 1693 ·

60 1717 155 1788 Mada,
172 1722 212 1774 sic
229 1721 319 1790 vulg.,
338 1719 425 1787 Bais,
444 1719 513 1773 mihi
531 1735 584 1774 neo
601 1721 639 1774 sit
655 1735 707 1773 neo
725 1721 765 1774 sic
783 1720 935 1774 admodum
955 1720 1057 1788 placet.

61 1819 88 1828 -
108 1790 136 1843 P.
152 1797 210 1846 229.
226 1797 260 1844 22
283 1791 603 1858 88888888880881
629 1789 659 1844 in
682 1789 763 1844 codd.
788 1791 817 1862 et
840 1789 933 1857 editt,
956 1790 1060 1844 frustra

61 1859 176 1915 defendit
192 1861 301 1927 Mada,
324 1862 477 1926 concipere,
494 1863 527 1914 ut
543 1860 603 1930 ipse
623 1859 802 1930 scripseram,
828 1859 938 1928 Cobet,
957 1861 1057 1914 Mnem.

61 1935 123 1984 1sta
137 1950 162 2000 p.
183 1938 242 1987 102.
262 1961 295 1972 -
314 1932 344 1985 P.
364 1936 424 1986 220.
445 1937 478 1984 20
498 1947 641 2000 perpessa,
665 1931 691 1985 si
710 1931 804 1999 doec,
827 1930 915 1998 Bait,
938 1933 1060 2000 perpessi

61 2003 109 2067 opt.
127 2002 220 2070 codd,
236 2017 367 2070 perpessa
384 2007 409 2056 et
427 2002 514 2056 detor.
530 2001 623 2068 codd,
642 2001 736 2056 Madv.
756 2033 789 2040 -
807 2001 837 2054 P.
853 2007 912 2056 229.
929 2007 961 2056 31
981 2004 1059 2056 modo

62 2071 131 2124 codd.
145 2073 208 2140 ΒΕ,
227 2072 314 2139 Bait,
333 2073 390 2127 loeo
404 2073 485 2126 codd.
501 2073 598 2139 detor,
612 2071 719 2139 Madv.;
737 2070 809 2126 illud
824 2071 966 2142 Madvigio
988 2073 1060 2128 ‘non

61 2140 160 2196 videtur
181 2145 258 2197 recte
278 2143 449 2197 contrarium
471 2142 539 2212 poni
557 2143 612 2196 illi:
641 2148 666 2198 et
684 2144 743 2197 alia
760 2143 878 2211 malta’,
897 2159 950 2212 ego
969 2159 1059 2211 paene

62 2209 127 2265 idem
148 2213 276 2282 vitupero
299 2212 330 2266 in
352 2215 416 2268 loco.
437 2243 469 2254 -
489 2213 519 2268 P.
540 2219 600 2269 280.
624 2217 656 2267 18
680 2214 772 2268 amaia
800 2217 942 2268 contraria
963 2215 1060 2268 staltos

61 2281 123 2335 Bait.
146 2283 175 2338 in
197 2285 240 2338 ed.
260 2283 325 2337 min.
345 2313 380 2323 —
399 2284 428 2338 Ρ.
444 2289 504 2338 230.
522 2289 557 2337 30
575 2284 632 2338 siat
653 2287 737 2352 paria
755 2288 869 2353 peccata
892 2284 971 2338 codd.
992 2286 1060 2353 opt,

62 2351 156 2422 Mada,
170 2360 284 2422 peccata
301 2355 357 2408 siret
372 2355 458 2422 pario
477 2355 564 2408 deter.
583 2354 678 2422 codd,
699 2354 771 2409 Bait.
790 2385 823 2395 -
842 2354 873 2408 P.
888 2361 948 2410 231.
966 2360 998 2408 13
1018 2372 1059 2422 sq.

63 2424 103 2489 po·
119 2427 211 2494 calpae
228 2425 347 2490 artifieio
361 2430 496 2492 praesuret
514 2425 593 2480 codd.
611 2427 700 2490 recte,
723 2425 886 2479 emendasse
911 2423 965 2478 sibi
982 2425 1059 2478 vide-

62 2493 101 2545 tur
123 2495 230 2562 (eodem
252 2495 311 2549 fere
334 2495 433 2564 modo,
456 2511 511 2562 quo
529 2513 557 2564 p.
579 2502 619 2550 10.
639 2501 672 2550 27
697 2512 766 2563 qaae
788 2496 905 2562 quidque
927 2496 1060 2564 pipperet)

63 2561 143 2618 Madv.
156 2564 209 2620 ita:
228 2566 386 2634 cuicumque
403 2567 480 2632 artis.
495 2581 587 2634 praes.
614 2566 680 2619 Non
693 2566 747 2620 hoo
766 2564 836 2618 dicit
850 2563 955 2632 Cicero,
973 2581 1060 2619 unum

64 2649 187 2702 quemque
204 2634 347 2690 hominem
361 2635 410 2689 uni
427 2635 512 2690 alicui
530 2635 649 2690 artificio
668 2651 796 2704 praeesse
812 2637 841 2689 80
854 2635 891 2688 80
909 2635 938 2689 10
957 2635 1061 2690 debers

64 2703 182 2760 adhibere
206 2721 381 2760 communem
404 2706 595 2774 prudentiam,
619 2707 668 2760 sed
693 2706 731 2759 ad
749 2721 859 2760 omnem
881 2707 972 2760 artem
991 2721 1062 2775 opus

64 2787 115 2828 esse
132 2776 271 2830 communi
287 2775 449 2857 prudentia,
468 2793 584 2845 eosque,
604 2776 628 2830 si
642 2775 692 2845 qui
705 2775 822 2846 singulis
837 2776 961 2830 artificiis
979 2793 1067 2846 prae-¹

64 2842 122 2913 sint,
142 2846 222 2901 iniis
245 2847 317 2916 ipsis
333 2862 430 2901 omnes
449 2862 512 2902 eam
530 2846 633 2901 habere
657 2846 767 2901 debere.
806 2846 916 2914 088888,
936 2849 985 2916 qai
1003 2849 1061 2902 eai-

21 2951 24 2960 .
64 2930 105 2980 pa
128 2918 246 2984 artifieio
269 2923 405 2986 praesaat
430 2917 490 2971 fere
517 2917 592 2971 idem
616 2919 671 2985 est,
699 2917 774 2984 qnod
799 2918 953 2988 qaicaaqae
975 2919 1062 2972 olisai

64 2986 169 3053 artificio
190 2992 337 3056 praeeant,
359 2989 392 3041 ut
412 3004 440 3056 p.
460 2993 501 3042 37.
522 2993 555 3042 33
574 2989 645 3056 prod
668 2989 764 3056 coique
782 2989 900 3043 occurrit
917 2988 959 3054 id,
985 2989 1061 3056 quod

64 3057 184 3126 quidquid
202 3059 289 3113 alicui
306 3061 441 3124 occurrit,
459 3059 488 3112 et
506 3074 608 3124 marces,
626 3059 674 3127 pai
691 3059 790 3126 aitque
806 3063 872 3112 caat
889 3061 925 3128 (p.
941 3064 1002 3112 230.
1018 3064 1060 3125 16,

63 3141 85 3192 p.
97 3132 152 3182 123.
167 3133 201 3182 22
214 3131 286 3196 etc.)
309 3129 462 3198 pateatque
480 3129 584 3184 alicubi
600 3133 667 3182 caat
688 3130 762 3196 (nam
787 3129 887 3198 atique
904 3144 955 3183 nec
974 3131 1070 3183 oraru·-¹

65 3195 105 3250 tas
121 3198 185 3253 loeis
197 3201 241 3254 est
253 3215 306 3253 nec
319 3203 346 3253 et
357 3199 420 3264 abi,
438 3198 489 3252 sed
502 3214 606 3268 qaoque
622 3200 655 3252 irc
672 3200 739 3267 loco)
754 3199 823 3268 etp.
839 3204 900 3254 431.
917 3204 949 3253 19
969 3200 1061 3252 amaia

64 3264 185 3334 lemano,
209 3275 281 3338 ’8888
307 3270 404 3338 arripere
431 3269 552 3324 oeadere
575 3275 703 3337 passast,
731 3269 887 3324 tolerabilia
913 3269 991 3322 daeit
1018 3270 1062 3322 est

64 3352 223 3408 quaecunque
251 3340 338 3394 olisai
365 3355 420 3394 aee.
446 3355 518 3408 poss.
546 3341 650 3395 autea
676 3341 772 3408 cuique
796 3339 952 3394 tolerabilia
976 3339 1061 3404 dacii,

63 3423 121 3474 quoe
133 3411 228 3478 coique
242 3425 297 3466 aec.
307 3407 437 3478 888888ος
451 3427 478 3463 v.
493 3410 570 3466 adh.
585 3409 604 3463 l.
621 3441 654 3451 -
667 3407 697 3464 P.
713 3415 773 3464 231.
790 3415 822 3463 17
838 3425 878 3474 sq.
892 3424 927 3462 ae
938 3409 988 3464 ltoc
1001 3411 1061 3477 pai-

63 3477 113 3534 dem
128 3481 205 3536 modo
221 3481 307 3548 paria
319 3480 430 3548 Lamb.,
448 3479 535 3548 Bait,
553 3495 587 3534 ae
599 3479 650 3534 troc
662 3479 740 3535 modo
749 3480 837 3548 paria
850 3478 958 3546 quidem
971 3480 1061 3545 codd,

62 3546 157 3617 Madv.;
180 3549 236 3606 vid.
260 3550 297 3604 ad
319 3555 408 3620 p.18.
430 3555 472 3604 13.
496 3579 529 3590 -
552 3551 583 3604 P.
603 3555 662 3605 232.
682 3555 698 3605 2
722 3549 818 3604 ardiae
841 3547 935 3616 codd,
957 3549 1061 3614 Madv,
