2564 3950
350 219 418 274 ΜΒ.
436 220 457 274 1.
487 219 563 274 car.
585 225 705 275 rr-rs.
734 225 889 286 §so-44.
1059 221 1125 286 295

114 383 211 447 Illam
234 403 312 448 vero
338 382 482 447 funditus
510 381 661 446 eiciamus
689 381 927 447 individuorum
953 405 1124 467 corporum
1142 396 1178 444 ra

115 472 235 536 levium
259 474 292 535 et
314 471 526 535 rotundorum
549 470 789 536 concursionem
817 471 999 555 fortuitam,
1027 495 1124 557 quam

13 615 15 628 .
115 563 226 624 tamen
244 557 450 624 Democritus
468 558 720 624 concalefactam
739 562 773 624 et
796 559 995 643 spirabilem,
1018 560 1052 625 id
1075 566 1125 626 cst

13 629 15 690 3
115 647 304 731 animalem,
337 668 406 712 esse
437 647 516 713 volt.
569 647 601 712 Is
631 650 738 712 autem
768 649 909 730 animus,
936 648 992 732 qui
1019 649 1047 712 si
1075 653 1125 714 est

85 736 232 801 shorum
260 740 414 821 quattuor
441 755 608 821 generum,
638 757 677 800 ex
700 735 826 819 quibus
844 737 953 802 omnis
975 740 1124 801 constare

114 825 279 908 dicuntur,
303 846 342 890 ex
360 824 561 889 inflammata
579 824 687 888 anima
706 826 846 909 constat,
864 829 902 889 ut
919 825 1124 909 potissimum

114 913 218 978 videri
240 913 334 978 video
357 912 527 996 Panaetio,
553 913 719 996 superiora
742 917 891 996 capessat
913 935 1043 978 necesse
1067 918 1125 978 est.

113 1000 208 1084 Nihil
232 1001 318 1066 enim
340 1000 463 1066 habent
486 1000 565 1065 haec
594 1000 656 1065 duo
685 1020 804 1085 genera
830 1003 925 1085 proni
954 1005 986 1066 et
1009 1023 1125 1086 supera

115 1111 244 1172 semper
265 1093 388 1173 petunt.
433 1089 498 1173 Ita,
522 1089 590 1154 sive
613 1088 826 1173 dissipantur,
850 1089 963 1173 procul
986 1113 1006 1154 a
1027 1090 1123 1154 terris

70 1203 100 1241 ιο
114 1177 148 1241 id
167 1178 284 1261 evenit,
304 1178 372 1242 sive
391 1181 581 1262 permanent
600 1182 633 1241 et
651 1180 842 1242 conservant
858 1178 1008 1243 habitum
1022 1200 1124 1256 suum,

114 1266 177 1331 hoc
205 1266 303 1330 etiam
330 1267 434 1351 magis
462 1287 593 1330 necesse
621 1269 671 1330 est
697 1265 843 1330 ferantur
870 1266 911 1330 ad
941 1267 1064 1332 caelum
1091 1270 1124 1332 et

115 1354 156 1418 ab
185 1355 227 1418 iis
255 1358 482 1438 perrumpatur
510 1358 543 1418 et
570 1354 732 1418 dividatur
759 1376 885 1419 crassus
913 1354 965 1419 hio
993 1358 1025 1418 et
1051 1377 1124 1421 con-

114 1445 221 1507 cretus
253 1446 318 1523 abr,
351 1444 406 1528 qui
445 1445 494 1508 est
524 1445 628 1507 terrae
664 1442 840 1526 proximus:
897 1440 1040 1508 Calidior
1076 1447 1126 1509 est

114 1530 203 1595 enim
226 1532 277 1596 vel
300 1532 409 1616 potius
433 1530 597 1596 ardentior
621 1532 762 1614 animus,
788 1551 886 1613 quam
914 1535 963 1595 est
985 1531 1038 1596 hie
1062 1536 1125 1615 a'e'r,

70 1643 99 1683 15
114 1641 211 1703 quem
239 1619 335 1684 modo
364 1619 431 1684 dixi
454 1641 597 1684 crassum
625 1621 721 1703 atque
749 1623 947 1702 concretum,
977 1619 1062 1703 quod
1085 1641 1125 1684 ex

115 1730 153 1773 eo
187 1708 263 1772 sciri
294 1711 418 1791 potest,
452 1708 529 1792 quia
560 1729 697 1791 corpora
728 1710 841 1772 nostra
878 1711 1006 1772 terreno
1038 1708 1125 1791 prin·

114 1795 272 1879 cipiorum
300 1816 417 1880 genere
445 1795 593 1860 confecta
620 1795 734 1860 ardore
763 1795 864 1860 animi
889 1796 1124 1860 concalescunt.
1180 1795 1182 1801 ⁴
1209 1813 1211 1818 ·

181 1883 328 1968 Accedit,
352 1887 445 1949 uteo
469 1883 597 1949 facilius
616 1883 742 1948 animus
761 1883 879 1948 evadat
902 1905 940 1948 ex
961 1883 1024 1948 hoc
1043 1888 1124 1967 aire,
1136 1853 1178 1979 143

114 1994 210 2056 quem
243 1993 339 2055 saepe
370 1973 436 2036 iam
469 1972 611 2057 appello,
643 1993 780 2056 eumque
811 1974 1008 2056 perrumpat,
1040 1973 1125 2056 quod

71 2084 99 2124 20
113 2060 197 2124 nihil
231 2062 280 2124 est
311 2060 419 2125 animo
451 2061 608 2144 velocius,
640 2060 743 2141 nulla,
761 2063 812 2124 est
844 2060 1005 2143 celeritas,
1043 2082 1125 2144 quae

112 2150 218 2232 possit
241 2169 313 2213 cum
336 2149 438 2214 animi
465 2149 631 2214 celeritate
660 2149 862 2214 contendere.
913 2148 974 2225 Qui
1003 2149 1031 2212 si
1053 2170 1124 2232 per-

114 2240 224 2302 manet
243 2236 448 2321 incorruptus
467 2238 580 2322 suique
600 2237 729 2322 similis,
753 2258 884 2302 necesse
903 2240 953 2300 est
971 2238 1019 2301 ita
1041 2237 1124 2302 fera·

113 2329 180 2407 tur,
202 2326 241 2388 ut
261 2328 410 2407 penetret
433 2330 466 2391 et
488 2325 611 2390 dividat
633 2346 729 2390 omne
752 2326 876 2390 caelum
900 2326 975 2409 hoc,
1001 2325 1037 2388 in
1059 2347 1124 2409 quo

113 2413 231 2496 nubes,
253 2413 373 2478 imbres
396 2414 547 2497 ventique
571 2417 743 2498 coguntur,
767 2413 852 2498 quod
871 2416 904 2477 et
924 2413 1068 2478 umidum
1092 2417 1126 2476 εὴ

72 2524 98 2564 ss
114 2501 327 2586 caliginosum
359 2504 409 2565 est
439 2505 572 2585 propter
604 2501 827 2566 exhalationes
858 2505 973 2565 terrae.
1019 2500 1124 2577 Quam

113 2590 279 2674 regionem
311 2611 383 2655 oum
412 2590 576 2673 superavit
605 2590 731 2654 animus
758 2593 972 2672 naturamque
1002 2590 1052 2652 sui
1080 2589 1122 2652 si·

113 2678 224 2742 milem
248 2678 388 2762 contigit
411 2682 443 2742 et
466 2678 634 2762 adgnovit,
657 2678 774 2742 iunctis
794 2699 832 2741 ex
852 2678 960 2742 anima
983 2677 1072 2741 tenui
1091 2681 1125 2740 et

113 2788 151 2830 ex
184 2766 298 2830 ardore
330 2766 408 2830 solis
439 2770 620 2850 temperato
653 2766 782 2850 ignibus
814 2765 937 2830 insistit
964 2768 997 2828 et
1027 2766 1124 2828 finem

114 2855 225 2922 altius,
241 2875 274 2918 se
303 2853 463 2920 ecferendi
490 2854 578 2919 facit.
628 2852 710 2919 Cum
738 2853 824 2918 enim
852 2854 901 2918 sui
930 2853 1068 2918 similem
1091 2857 1126 2916 et

73 2943 282 3008 solenitatem
310 2946 344 3008 et
371 2943 510 3007 calorem
539 2942 674 3025 adeptus
702 2947 757 3020 est,
789 2945 957 3025 tamquam
989 2942 1123 3026 paribus

113 3032 316 3097 examinatus
348 3031 543 3115 ponderibus
565 3029 700 3094 ‘nullam
735 3031 771 3094 in
806 3033 931 3114 partem
966 3033 1124 3112 movetur,

113 3141 214 3204 eaque
247 3119 277 3184 ei
308 3118 437 3184 demum
468 3118 626 3184 naturalis
664 3122 714 3182 est
751 3118 857 3202 sedes,
894 3139 966 3182 cum
1000 3118 1040 3181 ad
1072 3118 1124 3182 sui

113 3208 220 3274 simile
251 3207 446 3292 penetravit3
478 3207 512 3271 in
544 3227 607 3291 quo
639 3206 731 3271 nulla
762 3227 797 3270 re
830 3227 926 3292 egens
956 3205 1060 3270 aletur
1090 3209 1125 3270 et

113 3296 349 3362 sustentabitur
377 3295 480 3362 isdem
507 3294 617 3380 rebus,
646 3295 763 3379 quibus
787 3297 875 3358 astra
899 3295 1123 3359 sustentantur

73 3408 99 3449 ss
113 3390 147 3450 et
163 3384 304 3449 aluntur.
341 3381 485 3468 Cumque
509 3383 654 3467 corporis
677 3382 803 3447 facibus
823 3381 1018 3447 inflammari
1041 3383 1121 3446 sole·
1141 3401 1177 3450 44

113 3495 205 3539 amus
229 3472 270 3538 ad
293 3473 396 3537 omnis
425 3473 493 3537 fere
516 3471 709 3555 cupiditates
733 3491 834 3555 eoque
856 3471 962 3554 magis
985 3470 1123 3552 incendi,

112 3560 199 3646 quod
221 3561 262 3626 iis
282 3561 492 3644 aemulemur,
515 3561 572 3644 qui
590 3581 629 3625 ea
646 3560 802 3642 habeant,
826 3579 907 3641 quae
925 3579 984 3622 nos
1002 3558 1123 3622 habere
