2544 3952
342 212 410 268 Lm.
429 214 477 268 IV.
505 214 582 270 csP.
601 222 724 272 ac-ae.
752 221 909 282 era-⁷7.
1063 215 1127 279 421

119 375 155 439 in
178 395 289 439 amore
311 375 407 440 foeda
429 397 488 459 per
510 397 545 442 se
569 381 626 442 est.
670 375 755 442 Nam
778 379 816 443 ut
838 377 896 442 illa
918 381 1181 462 praetereamus

5 495 7 510 2
119 485 203 546 quae
231 466 307 528 sunt
332 463 466 548 furoris,
493 463 573 529 haec
600 466 672 549 ipsa
697 486 756 549 per
783 488 854 532 sese
884 487 979 551 quam
1007 467 1129 532 habent

119 551 300 635 levitatem,
323 573 405 635 quae
428 551 577 617 videntur
599 575 669 618 esse
692 554 880 640 mediocria,

703 666 888 753 Iniuriae,

90 778 105 819 s
165 751 432 839 Suspiciones,
453 753 700 839 inimicitiae,
722 756 909 842 indutiae,

164 841 330 925 Bellum,
352 865 425 927 pax
447 846 613 907 rursum!
639 843 803 930 'Incerta
828 846 922 910 haec
946 846 1041 909 situ
1065 848 1128 930 pc-

163 1017 331 1083 Raticne
354 1022 462 1084 certa
483 1019 625 1104 ficere,
647 1020 773 1085 nihilo
796 1019 884 1104 plus
908 934 1039 1106 :gplsps

164 1104 281 1182 Quam
301 1103 338 1170 si
354 1106 418 1172 des
437 1129 604 1193 operam,
622 1111 664 1183 ut
677 1114 759 1174 cum
773 1110 925 1175 ratione
943 1110 1128 1175 insanias.

2 1282 9 1304 ι
118 1229 210 1296 Haec
224 1229 443 1296 inconstantia
457 1232 723 1318 mutabilitasque
738 1233 854 1298 mentis
870 1254 964 1318 quem
977 1255 1043 1298 non
1056 1235 1129 1317 ipsa

2 1309 9 1410 l
76 1346 104 1384 ιο
118 1318 283 1403 pravitate
309 1318 493 1384 deterreat?
538 1319 601 1386 Est
628 1321 727 1386 etiam
755 1317 848 1405 illud,
875 1319 963 1405 quod
984 1322 1019 1385 in
1041 1322 1129 1386 omni

117 1405 364 1492 perturbatione
398 1407 528 1492 dicitur,
566 1407 865 1493 demonstrandum,
900 1409 1024 1474 nullam
1060 1431 1128 1474 esse

119 1495 184 1560 nisi
212 1495 424 1580 opinabilem,
451 1496 516 1561 nisi
543 1496 662 1562 iudicio
696 1501 891 1581 susceptam,
921 1498 985 1561 nisi
1015 1497 1127 1562 volun-

118 1584 246 1648 tariam.
295 1581 427 1649 Etenim
456 1585 483 1648 si
504 1585 662 1650 naturalis
685 1607 777 1650 amor
799 1588 896 1665 esset,
924 1587 956 1650 et
983 1590 1129 1650 amarent

1 1691 2 1707 l
119 1694 232 1738 omnes
266 1675 299 1736 et
330 1693 457 1755 semper
484 1676 629 1737 amarent
662 1678 694 1737 et
721 1672 805 1737 idem
835 1676 994 1756 amarent,
1025 1695 1128 1758 neque

1 1761 2 1798 l
77 1786 104 1826 15
119 1760 221 1826 alium
239 1761 351 1844 pudor,
370 1761 470 1825 alium
488 1761 655 1846 cogitatio,
674 1760 775 1825 alium
792 1761 925 1826 satietas
945 1761 1128 1826 deterreret.

185 1847 240 1912 Ira
262 1870 353 1932 vero,
375 1870 456 1932 quae
480 1869 577 1932 quam
599 1849 654 1913 diu
671 1851 841 1933 perturbat
860 1851 1016 1933 animum,
1039 1835 1180 1914 dubi-36

118 1937 277 2002 tationem
304 1936 451 2002 insaniae
481 1958 550 2002 non
580 1936 695 2021 babet,
731 1937 820 2002 cuius
857 1937 988 2022 inpulsu
1019 1937 1129 2002 existit
1147 1913 1180 1961 ⁷⁷

120 2027 219 2091 etiam
241 2025 326 2090 inter
348 2022 465 2090 fratres
488 2026 553 2090 tale
576 2025 734 2112 iurgium:

163 2149 205 2214 A.
233 2147 324 2226 Quis
338 2149 449 2214 homo
467 2153 505 2214 te
520 2150 768 2234 exsuperavit
781 2171 938 2233 usquam
957 2151 1128 2233 ge'ntium

348 2307 351 2314 ,
788 2237 1039 2321 inpudentia?

77 2352 106 2391 ao
163 2333 208 2392 Μ.
232 2325 323 2401 Quis
347 2329 473 2390 autem
496 2325 650 2390 malitia
673 2327 734 2390 tc?

118 2450 219 2528 nosti,
248 2470 329 2534 quae
357 2451 548 2533 sequuntur3
577 2448 711 2514 alternis
739 2449 824 2512 enim
851 2449 998 2513 versibus
1027 2449 1128 2513 intor-

57 2533 60 2540 ’
120 2541 258 2624 quentur
275 2537 360 2601 inter
378 2537 495 2602 iratres
515 2537 727 2623 gravissimae
741 2537 962 2615 contumeliae,
980 2539 1018 2600 ut
1032 2536 1128 2600 facile

120 2628 275 2710 appareat
297 2623 389 2689 Atrei
412 2624 497 2690 filios
521 2646 604 2709 esse,
627 2626 695 2689 eius
719 2626 774 2709 qui
796 2624 970 2689 meditatur
992 2625 1128 2709 poenam

119 2717 154 2779 in
175 2713 311 2778 fratrem
333 2735 468 2783 novam:

78 2852 105 2894 aa
163 2825 1128 2916 Maiormibimoles,meiiusmiscendrtmstmalum,

164 2916 234 2993 Qui
265 2914 376 2981 illius
409 2917 587 2981 acerbum
620 2918 684 2980 cor
715 2915 946 2982 contundam
974 2919 1011 2978 et
1040 2917 1126 2979 oon-

868 3025 1037 3087 primam.

119 3129 190 3206 Quo
213 3129 315 3214 igitur
337 3128 417 3192 haec
441 3127 581 3211 erumpit
603 3126 835 3192 molesl'Audi
859 3125 1048 3209 Thyestem:

162 3237 276 3336 ipsus
289 3252 472 3317 hortatur
486 3273 541 3314 me
562 3250 698 3335 frater,
715 3254 757 3315 ut
771 3271 873 3314 meos
887 3249 998 3313 malis
1013 3249 1130 3313 miser

162 3340 382 3406 Mindarem
404 3342 517 3404 natos
538 3390 545 3404 .
564 3388 571 3403 .
590 3388 624 3404 ..

80 3465 240 3530 collorum
257 3465 383 3528 viscera
402 3462 544 3546 apponit.
582 3461 665 3538 Quid
689 3465 739 3526 est
759 3461 859 3545 enim,
883 3483 945 3547 quo
968 3483 1034 3526 non
1056 3483 1128 3544 pro·

118 3553 283 3638 grediatur
302 3551 413 3618 eodem
434 3553 496 3635 ira,
515 3572 576 3635 quo
595 3549 706 3615 furor?
742 3549 856 3634 Itaque
874 3550 976 3614 iratos
995 3548 1127 3632 proprie

1264 3625 1266 3752 l
