2568 3948
367 240 434 296 LIB.
454 241 487 296 V.
516 240 593 295 cnr.
613 247 642 310 c,
662 246 686 294 0.
713 246 729 306 ς
747 245 869 296 11-10.
1056 237 1122 302 245

112 404 221 486 ipsum
252 425 311 487 per
343 424 377 468 se
408 404 549 486 primum
581 405 764 486 appetatur,
802 399 864 466 1100
895 403 1001 466 totum
1034 405 1067 465 et
1098 401 1122 466 ii

113 491 249 573 tollunt,
271 491 326 574 qui
344 491 380 558 in
397 491 492 554 rebus
511 490 566 574 iis,
585 491 620 555 in
637 490 754 574 quibus
773 488 855 553 nihil
875 493 931 554 eut
948 488 1122 554 honestum

115 582 172 644 aut
199 581 293 662 turpe
321 579 378 660 sit,
405 582 527 663 negant
554 599 624 644 esse
651 579 751 643 ullam
779 598 922 660 causam,
950 599 1005 642 our
1034 577 1122 641 aliud

114 667 171 731 alii
195 669 425 750 anteponatur,
448 687 507 730 nec
529 666 614 730 inter
636 687 691 732 eas
718 687 770 730 res
796 665 967 749 quiequam
990 665 1122 729 omnino

85 757 233 839 sputant
259 755 429 837 interesse,
456 757 489 818 et
515 753 653 837 Erillus,
680 754 708 818 si
735 754 783 818 ita
805 754 917 834 sensit,
946 752 1029 818 nihil
1051 775 1122 818 esse

113 845 236 908 bonum
267 846 397 926 praeter
431 842 613 920 scientiam,
649 863 777 907 omnem
813 841 941 907 consilii
977 840 1123 924 capiendi

116 951 248 994 causum
277 930 560 1014 inventionemque
588 929 686 995 officii
714 929 852 995 sustulit.
905 927 958 994 Sic
985 929 1122 994 exclusis

116 1018 287 1083 sententiis
309 1017 507 1102 reliquorum
531 1039 602 1082 cum
624 1021 792 1102 praeterea
809 1016 901 1082 nulla
920 1037 989 1082 esse
1010 1017 1124 1101 possit,

113 1106 197 1172 haec
224 1107 430 1191 antiquorum
453 1106 560 1171 valeat
581 1127 710 1171 necesse
734 1109 792 1170 est.
836 1105 942 1190 Igitur
971 1105 1123 1170 instituto

70 1199 277 1276 nselmum,
309 1216 372 1278 quo
404 1193 503 1258 etiarn
536 1190 637 1260 Stoici
667 1197 819 1276 utuntur,
850 1193 927 1257 hinc
958 1193 1123 1277 capiamus

116 1281 290 1347 exordium.
638 1333 644 1340 .

183 1369 284 1435 Omne
304 1370 426 1434 animal
444 1391 478 1434 ss
496 1369 603 1454 ipsum
622 1370 730 1455 diligit
749 1393 800 1454 ac,
823 1370 919 1436 simul
938 1372 998 1452 [et]
1017 1373 1123 1435 ortum
1142 1330 1176 1454 294

115 1462 179 1541 est,
206 1456 241 1521 id
264 1457 346 1542 egit,
374 1461 411 1522 ut
434 1479 468 1522 00
491 1463 670 1542 conservet,
700 1459 785 1542 quod
806 1457 860 1523 hic
883 1458 913 1522 01
935 1458 1059 1543 primus
1082 1457 1123 1522 ad

115 1567 244 1614 omnem
273 1547 374 1610 vitam
401 1545 555 1612 tuendam
583 1547 745 1629 appetitus
774 1550 934 1612 enatura
955 1546 1062 1629 detur,
1089 1566 1123 1610 se

72 1659 100 1699 15
114 1638 152 1698 ut
175 1638 345 1700 conservet
366 1637 463 1718 atque
486 1635 534 1698 ite
561 1633 603 1698 sit
626 1633 788 1717 affectum,
811 1638 848 1698 ut
870 1634 992 1718 optime
1013 1654 1123 1698 secun·

114 1723 192 1787 dum
218 1726 370 1786 naturam
397 1722 547 1786 affectum
577 1743 647 1786 esse
674 1721 788 1806 possit
840 1720 934 1786 Hanc
961 1721 1055 1786 initio
1077 1721 1124 1785 in-

116 1809 323 1876 stitutionem
350 1809 517 1874 confusum
543 1809 644 1875 habet
670 1813 704 1874 et
729 1812 900 1892 incertam,
932 1811 969 1873 ut
994 1812 1123 1874 tantum

116 1897 212 1963 modo
237 1919 270 1962 se
293 1901 438 1981 tueatur,
465 1899 696 1982 qualecumque
723 1898 780 1981 sit,
810 1896 866 1962 sed
893 1895 1051 1981 neuquid
1080 1897 1124 1960 sit

114 2007 175 2050 nee
199 1986 276 2068 quid
298 1987 417 2069 possit,
439 2007 499 2050 nec
518 1986 594 2070 quid
612 1985 714 2070 ipsius
732 1989 852 2050 natura
873 1985 930 2068 sit,
952 1984 1123 2069 intellegit.

73 2071 199 2138 100111
226 2076 334 2138 autem
365 2074 524 2157 processit
550 2075 683 2157 paulum
718 2077 764 2157 et,
795 2076 954 2157 quatenus
986 2073 1123 2156 quidque

116 2183 151 2227 se
175 2161 319 2245 attinget
336 2162 377 2226 ad
398 2183 495 2245 seque
517 2162 692 2246 pertineat,
714 2163 895 2245 perspicere
915 2161 1032 2244 coepit,
1054 2164 1123 2224 tum

116 2249 239 2314 sensim
270 2249 386 2332 incipit
418 2250 569 2334 progredi
601 2271 733 2334 seseque
766 2270 940 2334 agnoscere
967 2252 1000 2313 et
1028 2248 1123 2313 intel·

114 2337 237 2421 legere,
261 2358 358 2420 quam
380 2337 423 2401 ob
447 2358 578 2402 oausam
602 2336 830 2420 habeatem,
858 2359 954 2421 quern
977 2336 1125 2419 diximus,

115 2425 217 2489 animi
256 2425 451 2508 appetitum,
489 2428 680 2509 coeptatque
718 2429 750 2489 et
785 2447 835 2508 ea,
872 2445 952 2507 quae
988 2427 1123 2488 naturae

75 2513 219 2578 10001111
245 2515 335 2596 apta,
362 2515 512 2597 appetere
540 2517 573 2577 et
599 2513 787 2597 propulsare
815 2511 985 2577 contraria.
1033 2511 1122 2596 Ergo

118 2600 207 2666 omni
230 2600 365 2664 animali
386 2599 481 2684 illud,
504 2600 590 2684 quod
613 2600 751 2684 appetit,
777 2600 919 2682 positum
942 2602 992 2664 est
1019 2599 1054 2663 in
1077 2621 1124 2681 eo,

117 2688 201 2772 quod
225 2693 360 2754 naturae
383 2691 434 2752 est
454 2689 741 2754 accommodatum
785 2687 838 2752 Ita
865 2687 939 2752 finis
964 2687 1123 2752 bonorum

116 2775 245 2840 exsistit
276 2775 452 2840 secundum
481 2780 632 2842 naturam
664 2777 769 2841 vivere
802 2776 847 2840 sio
885 2776 1050 2860 affectum,
1087 2780 1124 2840 ut

117 2865 240 2946 optime
263 2863 350 2928 affici
372 2864 478 2947 possit
495 2863 536 2928 ad
553 2867 764 2948 naturamque
784 2864 1124 2929 accommodatissime.

76 2978 103 3015 10
117 2950 278 3026 Quoniam
310 2954 418 3016 eutem
446 2974 504 3016 sua
532 2953 682 3036 cuiusque
715 2951 890 3017 animantis
917 2954 1037 3016 nature
1065 2955 1176 3036 00115

116 3061 248 3104 necesse
285 3044 335 3104 est
370 3039 467 3104 finem
506 3060 631 3123 quoque
667 3040 811 3105 omnimn
846 3039 1050 3124 hunc⁰esse‚
1087 3044 1124 3104 ut

116 3130 234 3192 natura
261 3127 428 3211 expleatur
454 3123 551 3211 (nihil
579 3127 664 3193 enim
690 3127 844 3212 prohibet
874 3128 1030 3213 quaedam
1053 3148 1124 3192 esse

117 3218 150 3278 et
172 3215 257 3280 inter
281 3237 315 3279 se
337 3215 531 3280 animalibus
554 3216 686 3299 reliquis
711 3220 744 3280 et
766 3238 839 3280 cum
861 3215 975 3280 bestiis
999 3215 1124 3280 homini

116 3302 312 3386 communia,
340 3303 494 3386 quonium
523 3303 667 3369 omnium
694 3307 745 3368 est
770 3308 889 3368 natura
919 3301 1123 3387 communis),

76 3390 173 3456 used
205 3394 349 3455 extrema
380 3391 437 3455 illa
469 3395 503 3455 01
532 3413 672 3476 summa,
704 3413 785 3476 quae
813 3391 1010 3477 quaerimus,
1039 3391 1124 3455 inter

117 3478 308 3544 animalium
331 3497 454 3562 genera
481 3479 634 3546 distinctu
661 3482 694 3544 et
721 3479 891 3563 dispertita
918 3479 984 3543 sint
1009 3482 1042 3543 et
1064 3500 1124 3542 sue

116 3566 232 3652 cuique
259 3567 390 3651 propria
418 3570 451 3632 et
478 3567 518 3632 ad
546 3566 580 3633 id
602 3571 692 3652 apta,
719 3567 804 3651 quod
831 3567 984 3652 cuiusque
1006 3570 1124 3632 natura
