2552 3966
326 208 396 262 ΜΒ.
416 208 449 263 11.
478 207 555 262 cnr.
577 214 683 276 15,16.
712 214 727 275 s
746 215 868 265 46-51.
1064 210 1108 275 43

78 367 189 433 facile
208 369 492 436 internoscantur?
516 393 572 436 cnr
588 393 667 453 non,
686 375 723 435 ut
741 371 837 454 plane
855 372 937 438 nihil
955 373 1106 437 intersit?

78 459 284 540 praesertim
298 480 372 523 cum
386 459 451 543 ipsi
465 459 580 524 dicatis
592 459 772 543 sapientem
781 459 817 523 in
830 458 939 526 furore
950 462 1106 526 sustinere

79 567 115 609 se
156 546 200 611 ab
235 547 323 613 omni
355 547 507 631 adsensu,
539 547 616 632 quia
646 548 738 612 nulla
768 547 805 612 in
834 547 913 614 risis
941 548 1104 615 distinctio

80 639 260 718 appareat.
432 697 435 708 ,

51 746 65 787 5
155 722 210 787 Ad
246 724 307 788 has
347 745 458 802 omnes
494 725 637 791 visiones
669 725 781 791 inanes
817 723 1000 791 Antiochus
1037 726 1105 810 qui·
1117 694 1158 820 {lg

80 811 164 876 dem
198 816 232 877 et
262 814 427 897 permulta
457 813 598 896 dicebat,
637 817 670 879 et
702 816 772 880 erat
802 814 842 879 de
873 813 934 878 hae
970 836 1035 878 una
1070 836 1105 878 re
1214 809 1219 818 '

78 901 187 965 unius
212 901 277 965 diei
300 900 488 985 disputatio.
538 901 620 966 Mihi
649 905 757 967 autem
779 924 846 968 non
874 903 959 966 idem
981 901 1105 967 faciun-

80 989 167 1054 dum
190 991 286 1073 pute,
310 990 365 1054 sed
387 990 460 1074 ipsa
483 992 591 1075 capita
614 990 757 1055 dicenda.
804 989 850 1055 Et
871 992 1012 1074 primurn
1036 991 1105 1076 qui·

81 1078 162 1141 dem
190 1078 254 1143 hoc
276 1077 589 1162 reprehendendum,
617 1079 702 1163 quod
724 1079 964 1162 captiosissimo
988 1101 1104 1164 genere

44 1191 68 1229 ro
82 1166 360 1251 interrogationis
384 1170 531 1250 utuntur,
555 1167 641 1252 quod
664 1188 765 1252 genus
788 1168 919 1232 minime
941 1168 977 1231 in
999 1168 1105 1252 philo-

83 1256 208 1338 sophia
231 1255 363 1338 probari
387 1255 485 1340 solet,
513 1277 585 1320 curn
614 1255 735 1340 aliquid
758 1256 943 1320 minutatim
972 1260 1006 1321 et
1032 1279 1105 1343 gra-

84 1343 193 1407 datim
216 1343 345 1408 additur
364 1347 420 1408 aut
443 1343 591 1410 demitur.
627 1341 779 1410 Soritas
797 1344 860 1409 hoc
877 1349 1009 1428 vocant,
1028 1346 1105 1429 quia

85 1454 243 1498 acervum
265 1431 410 1497 efficiunt
427 1455 492 1497 uno
512 1433 621 1498 addito
641 1453 752 1516 grano.
788 1431 953 1498 Vitiosum
977 1438 1105 1498 sancet

86 1521 274 1605 captiosum
296 1522 410 1605 genus!
444 1519 496 1585 Sic
515 1521 601 1585 enim
615 1520 824 1586 adscenditis:
849 1520 896 1586 ‘Si
914 1522 981 1585 tale
1001 1522 1104 1587 visum

44 1633 70 1672 15
85 1610 256 1675 obiectum
284 1613 335 1673 est
362 1632 381 1674 a
411 1609 470 1674 dec
499 1609 684 1692 dormienti,
711 1613 748 1674 ut
769 1609 940 1693 probabile
964 1610 1020 1693 sit,
1049 1633 1106 1676 cur

85 1720 157 1764 non
180 1697 294 1781 etiam,
321 1699 358 1761 ut
380 1697 473 1761 valde
495 1698 564 1762 veri
589 1697 716 1762 simile?
744 1719 801 1762 eur
825 1697 939 1763 deinde
961 1720 1040 1780 non,
1068 1703 1106 1762 ut

87 1786 269 1851 difficiliter
296 1807 316 1850 a
343 1807 419 1850 vero
442 1785 701 1852 internoscatur?
729 1784 857 1870 deinde,
884 1788 984 1850 utne
1006 1787 1105 1850 inter-

85 1878 246 1940 noscatur
265 1873 416 1959 quidem?
437 1878 612 1964 postremo,
634 1877 672 1938 ut
688 1874 771 1939 nihil
789 1875 875 1938 inter
892 1874 954 1939 hoc
973 1877 1006 1938 et
1023 1874 1105 1939 illud

87 1961 258 2029 intersit?’
303 1961 375 2027 Huc
404 1963 432 2027 si
459 1964 642 2046 perveneris
674 1985 725 2027 me
757 1963 820 2030 tibi
846 1962 987 2047 primum
1016 1963 1104 2047 quid·

49 2077 76 2116 ao
91 2075 151 2137 que
186 2051 394 2135 concedente,
426 2073 533 2116 meum
565 2052 681 2122 vitium
712 2051 826 2135 fuerit3
858 2052 910 2116 sin
941 2050 1010 2135 ipse
1046 2056 1105 2116 tua

31 2177 35 2188 ·
88 2145 206 2226 sponte
228 2140 438 2225 processeris,
460 2143 561 2204 tuum.
605 2139 684 2216 Quis
710 2140 795 2206 enim
818 2139 879 2206 tibi
902 2140 1025 2205 dederit
1048 2146 1105 2206 aut
1123 2155 1158 2205 50

88 2231 201 2294 omnia
229 2229 324 2292 demn
350 2250 446 2312 posse
470 2233 528 2293 aut
555 2229 602 2292 ita
629 2228 791 2292 facturum
815 2249 897 2311 esse,
927 2229 955 2293 si
977 2229 1104 2313 possit?

88 2340 153 2403 quo
182 2316 280 2382 modo
309 2320 416 2382 autem
444 2319 557 2400 sumis,
584 2320 634 2395 ut,
663 2318 690 2380 si
718 2315 794 2400 quid
822 2317 873 2382 cui
901 2317 1006 2382 simile
1034 2339 1104 2383 esse

86 2407 204 2491 possit,
228 2409 390 2490 sequatur,
413 2408 449 2470 ut
469 2406 567 2470 etiam
590 2405 765 2470 difficiliter
781 2405 957 2470 internosci
978 2406 1103 2489 possit?

48 2520 73 2559 25
87 2494 218 2578 deinde,
240 2498 278 2558 nt
299 2515 340 2558 ne
358 2493 532 2560 internosci
557 2492 708 2578 quidem?
732 2497 912 2578 postremo,
935 2494 972 2558 ut
993 2493 1104 2558 eadem

88 2584 178 2648 sint?
215 2585 265 2666 ut,
295 2582 323 2647 si
350 2582 420 2666 lupi
450 2583 585 2648 canibus
617 2581 751 2664 similes,
784 2581 912 2646 eosdem
944 2581 1030 2646 dices
1063 2582 1104 2646 ad

88 2676 280 2738 extremum.
316 2670 361 2736 Et
384 2669 512 2754 quidem
535 2670 681 2736 honestis
705 2669 827 2735 similia
849 2673 925 2736 sunt
948 2669 1104 2754 quaedam

86 2783 155 2825 non
178 2759 317 2824 honesta
341 2762 374 2824 et
395 2760 491 2824 bonis
511 2781 578 2824 non
600 2760 688 2824 bona
711 2761 743 2822 et
767 2759 951 2824 artificiosis
969 2759 1103 2824 minime

89 2847 280 2932 artificiosa,
304 2847 382 2932 quid
402 2847 588 2913 dubitamus
607 2848 709 2934 igitur
727 2847 897 2914 adfirmare
915 2847 998 2913 nihil
1017 2848 1104 2912 inter

49 2963 75 3002 ³0
88 2937 170 3002 haec
203 2937 379 3024 interesset
434 2934 484 3002 Ne
516 2935 733 3021 repugnantia
770 2934 898 3020 quidem
935 2935 1103 3000 videmus?

88 3025 171 3089 nihil
186 3028 236 3089 est
250 3025 344 3108 enim,
363 3024 449 3110 quod
467 3024 506 3090 de
521 3047 579 3090 suo
599 3045 715 3109 genere
728 3024 763 3088 in
777 3023 865 3089 aliud
879 3045 979 3110 genus
997 3027 1103 3089 trans-

88 3114 166 3178 ferri
180 3112 294 3197 possit.
330 3112 377 3177 At
394 3113 423 3178 si
438 3112 627 3197 efficeretur,
645 3117 682 3178 ut
699 3112 785 3177 inter
798 3114 867 3178 visa
887 3113 1103 3178 differentium

90 3223 244 3288 genermn
266 3201 349 3266 nihil
371 3201 552 3283 interesset,
576 3202 806 3285 reperirentur,
830 3223 911 3288 quae
935 3204 968 3267 et
988 3202 1023 3266 in
1045 3223 1103 3266 suo

90 3313 207 3376 genere
238 3295 348 3355 essent
374 3294 407 3355 et
435 3290 470 3354 in
498 3290 612 3355 alieno.
658 3289 752 3366 Quod
783 3290 853 3354 ficri
884 3291 940 3374 qui
971 3291 1102 3374 potest?

51 3406 76 3446 55
91 3379 243 3444 Omnium
275 3377 389 3444 deinde
418 3379 562 3443 inanium
589 3379 733 3443 visorum
765 3399 830 3442 una
860 3378 1006 3463 depulsio
1044 3383 1102 3463 est,
1121 3391 1155 3438 or

90 3469 157 3534 sive
188 3467 247 3533 illa
279 3467 476 3553 cogitatione
513 3466 743 3548 informantur,
776 3466 861 3550 quod
895 3467 965 3530 fieri
998 3466 1102 3531 solere

90 3557 307 3641 concedimus,
334 3555 401 3621 sive
424 3556 459 3620 in
482 3555 601 3640 quiete,
630 3555 696 3619 sive
719 3575 777 3638 per
799 3554 923 3637 vinum,
952 3555 1020 3619 sive
1043 3575 1102 3638 per
