2564 3950
329 201 880 268 mmmmmmm.
1047 201 1111 264 m

103 363 306 446 disciplinas,
334 383 414 447 quae
442 362 594 426 virtutem
621 384 641 425 e
669 383 793 426 summo
821 361 906 427 bono
930 362 1112 446 excludunt,

103 451 221 515 ceteris
245 450 395 515 omnibus
414 449 617 533 philosophis
636 448 715 514 haec
733 454 784 514 est
801 449 921 514 tuenda
943 450 1112 532 sententia,

104 538 245 603 maxime
272 540 381 601 tamen
408 535 540 616 Stoicis,
568 537 623 620 qui
653 537 736 601 nihil
771 537 858 602 aliud
889 538 923 601 in
953 537 1111 602 bonorum

104 647 240 690 numero
263 625 328 688 nisi
351 624 525 689 honestum
547 645 617 688 esse
640 626 818 689 voluerunt.
857 621 919 690 Sed
940 624 1021 688 bueo
1043 626 1113 708 qui·

77 712 179 777 odem
210 716 261 776 est
283 711 458 812 perfecilis
474 715 507 775 et
532 712 740 812 pererpedita
767 711 919 814 defensio.
960 711 1038 787 Quis
1063 717 1115 813 est
1191 785 1195 788 ,

105 798 1115 970 ittnldttttttt{tutunditttt}

106 996 205 1058 quam
227 973 361 1057 adipisci
384 974 501 1039 scelere
529 975 643 1058 quovis
666 975 759 1055 velit,
785 996 851 1039 non
874 975 986 1039 multis
1011 975 1113 1058 parti-

106 1062 167 1126 bus
190 1062 285 1126 malit
307 1061 348 1125 ad
371 1083 454 1145 sese,
482 1062 578 1126 etiam
602 1063 690 1126 omni
717 1063 912 1144 impunitate
936 1063 1113 1146 proposita,

66 1173 93 1212 ιο
107 1150 177 1213 sine
199 1148 342 1214 facinore
364 1171 461 1232 quem
482 1149 542 1213 illo
565 1149 661 1214 modo
684 1149 873 1233 pervenire?
910 1149 1013 1227 Quam
1038 1171 1112 1214 vero
1132 1170 1166 1219 37

105 1237 282 1302 utilitatem
309 1240 366 1301 aut
391 1258 486 1320 quem
512 1236 653 1300 fructum
680 1241 827 1320 petentes
856 1238 938 1302 seire
966 1238 1112 1321 cupimus

104 1325 178 1406 illa,
207 1343 287 1407 quae
311 1324 437 1389 occulta
462 1324 556 1388 nobis
585 1327 673 1406 sunt,
700 1347 762 1408 quo
790 1324 886 1390 modo
915 1329 1115 1408 moveantur,

106 1412 288 1495 quibusque
324 1410 362 1476 de
398 1412 503 1476 causis
540 1433 577 1476 ee
612 1416 780 1476 versentur
811 1413 846 1476 in
877 1413 988 1478 caelo?
1035 1413 1113 1489 Quis

106 1503 216 1564 eutem
237 1501 307 1563 tem
330 1498 545 1582 agrestibus
535 1521 586 1563 1ns
588 1499 675 1563 titut’
666 1521 693 1563 ιι
714 1500 806 1578 vivit,
830 1505 887 1564 aut
909 1501 979 1583 quis
999 1505 1114 1566 eontra

66 1609 92 1650 ιι
107 1586 215 1652 studia
240 1589 375 1650 naturae
401 1591 487 1650 tam
497 1587 700 1651 vehementer
723 1586 888 1668 obduruit,
915 1593 953 1652 ut
975 1609 994 1651 a
1016 1588 1113 1652 rebus

35 1713 39 1718 -
105 1673 291 1758 cognitione
314 1673 420 1758 dignis
444 1674 617 1739 abhorreat
639 1656 802 1757 easqub
776 1695 845 1738 sine
867 1635 981 1757 lolupt
983 1679 1034 1739 ate
1058 1680 1114 1740 aut

105 1761 249 1826 utilitate
272 1761 381 1862 aliqqa
402 1783 467 1826 uon
490 1762 634 1845 requirat
656 1766 689 1826 et
711 1783 770 1845 pro
793 1760 897 1826 nihilo
921 1765 979 1846 put
966 1762 1034 1826 tet?
1057 1766 1114 1827 aut

7 1899 8 1902 ι
106 1849 178 1933 quis
206 1854 273 1932 est,
300 1850 356 1933 qui
382 1847 596 1915 Maximorum
624 1852 680 1913 aut
665 1849 929 1914 tAfricanorum
957 1853 1014 1913 aut
1036 1851 1114 1933 eius,

28 1991 35 2021 q
106 1939 257 2037 quem,·tu
279 1937 315 2002 in
333 1957 387 2001 ore
407 1959 533 2020 semper
550 1937 666 2021 babes,
688 1937 801 2037 proavi
820 1938 898 2020 mei,
921 1941 1113 2002 ceterorum-

66 2045 333 2194 ”tttssttt
348 2023 1113 2197 {litttl‘ltttlltttrtttttttt

104 2199 294 2283 voluptate?
344 2199 422 2276 Quis
446 2203 554 2264 autem
583 2200 720 2265 honesta
742 2201 777 2264 in
798 2200 923 2265 familia
945 2201 1112 2266 institutus
1131 2221 1165 2270 38
1195 2237 1198 2244 ·

106 2292 138 2352 et
169 2287 324 2352 educatus
354 2288 493 2372 ingenue
526 2309 593 2353 non
628 2288 698 2370 ipse
734 2288 951 2372 turpitudine,
985 2289 1113 2354 etiamsi

106 2397 179 2439 eum
206 2374 334 2440 laesura
359 2397 426 2440 non
454 2376 510 2457 sit,
541 2375 734 2440 offenditur?
765 2377 837 2459 quis
870 2376 978 2440 animo
1010 2398 1112 2460 aequo

66 2462 195 2527 arridet
222 2483 309 2544 eum,
336 2484 430 2546 quem
457 2463 582 2546 impure
610 2483 647 2526 ee
673 2463 833 2546 flagitiose
865 2467 958 2545 putet
984 2463 1113 2528 virere?

106 2549 178 2634 quis
201 2571 268 2615 non
297 2550 365 2614 odit
393 2550 553 2633 sordidos,
580 2571 695 2632 vanos,
722 2549 823 2633 leves,
845 2546 991 2614 futtiles?
1028 2549 1113 2626 Quid

107 2639 215 2702 autem
238 2636 300 2702 diei
323 2638 456 2720 poterit,
479 2639 507 2702 si
528 2637 761 2721 turpitudinem
782 2658 849 2702 non
870 2637 976 2720 ipsam
998 2659 1054 2722 per
1077 2661 1112 2703 se

105 2723 290 2808 fugiendam
317 2746 387 2790 esse
416 2728 608 2808 statuemus,
635 2747 698 2808 quo
721 2725 827 2788 minus
855 2724 1001 2790 homines
1024 2730 1112 2792 tene-

106 2813 181 2876 bras
209 2815 242 2875 et
269 2812 475 2878 solitudinem
501 2813 590 2877 nacti
615 2813 705 2878 nullo
733 2812 886 2877 dedecore
914 2834 948 2877 se
972 2814 1111 2879 abstine-

66 2922 93 2962 ιο
106 2903 175 2981 ant,
201 2899 267 2963 nisi
289 2921 345 2967 eos
371 2921 429 2985 per
452 2922 485 2964 se
508 2900 662 2965 foeditate
685 2921 743 2964 sua
764 2900 932 2983 turpitudo
960 2902 1032 2985 ipsa
1060 2902 1111 2966 de·

105 2987 247 3052 terreat?
292 2987 545 3052 Innumerabilia
568 2987 631 3051 dici
658 2990 795 3070 possunt
823 2988 856 3052 in
878 2987 962 3053 hanc
985 2993 1110 3054 senten-

104 3075 198 3153 tiam,
226 3075 375 3140 sednon
401 3097 532 3140 necesse
560 3080 619 3140 est.
595 3074 834 3140 ttNihil
784 3078 834 3139 est
857 3076 956 3158 enim,
986 3076 1024 3140 de
1048 3097 1111 3158 quo

104 3162 210 3226 minus
243 3162 334 3226 dubit
320 3163 384 3226 tari
413 3164 532 3248 possit,
568 3166 730 3246 quamet
698 3162 898 3227 ethonesta
934 3164 1111 3246 expetenda

104 3270 160 3331 per
193 3271 227 3313 se
256 3255 289 3313 et
315 3250 427 3316 eodem
454 3251 592 3316 modot
594 3251 688 3333 urpia
715 3271 772 3333 per
796 3272 829 3314 se
857 3271 927 3314 esse
949 3249 1110 3344 fugienda.

65 3334 290 3402 ssOonstituto
322 3340 430 3402 autem
462 3336 534 3420 illo,
566 3336 604 3402 de
636 3359 699 3420 quo
732 3340 807 3402 ante
775 3337 996 3420 ediximus,
1025 3339 1110 3421 quod
1129 3360 1163 3407 ³9

103 3423 278 3488 honestum
296 3429 391 3506 esset,
409 3425 441 3489 id
461 3446 531 3489 esse
551 3426 655 3488 solum
673 3424 830 3506 bonums
820 3446 853 3488 ιιι
855 3425 965 3506 tellegi
979 3446 1109 3491 neeesse

103 3513 152 3576 est
174 3511 279 3596 pluris
305 3511 352 3595 id,
379 3512 465 3596 quod
491 3511 606 3576 honest
592 3516 662 3575 tum
690 3511 745 3595 eit,
774 3474 1009 3577 abstinendum
1039 3533 1109 3579 esse
