2564 3952
147 200 213 265 374
342 197 639 254 TUSCULANARUM
657 195 959 252 DISPUTATIONUM

189 361 293 427 Fa‘na
329 361 486 427 flamma
523 361 757 446 deflagrata
797 360 895 426 tosti
939 360 1011 425 alti
1050 363 1162 426 stant

879 450 1055 532 parietes

190 539 405 604 Deformat'
376 542 407 604 tr
431 543 469 603 at
475 560 544 622 que
568 538 695 603 abiete
720 538 912 621 crispa...

146 663 223 730 seit·
199 667 257 748 tre,
280 684 361 749 quac
385 666 574 748 sequantur,
598 666 630 727 et
652 661 741 726 illa
732 684 766 726 1n
788 661 915 745 primis:

189 786 217 853 Ο
240 789 366 871 pater,
389 807 409 851 o
430 787 574 871 patria,
598 807 617 850 o
641 784 783 850 Priami
806 785 954 869 domus,

191 875 373 960 Saeptum
397 875 568 939 altisono
593 872 748 938 cardine
769 875 967 958 templum!
1175 899 1189 937 s

189 963 279 1029 Vidi
304 966 373 1048 ego
396 966 434 1027 te
458 966 611 1028 astante
635 983 703 1046 ope
726 962 935 1028 ba'rbarica

190 1050 319 1118 Tectis
343 1051 525 1135 caelatis,
547 1051 755 1134 laqueatis,

190 1142 307 1223 Auro,
333 1140 447 1204 ebore
471 1140 705 1204 instructam
727 1139 900 1224 re‘gifiee.

93 1265 173 1336 450
206 1267 337 1347 potitam
370 1263 547 1348 egregium!
585 1285 781 1347 quamquam
813 1263 853 1327 ab
885 1263 937 1328 his
970 1264 1159 1328 cantoribus

144 1351 363 1437 Euphorionis
392 1351 616 1416 contemnitur.
667 1349 772 1415 Sentit
795 1351 904 1417 omnia
931 1352 1102 1434 repentina
1127 1356 1160 1418 ct
1175 1375 1202 1415 10

144 1441 338 1524 necopinata
366 1461 435 1506 esse
464 1439 623 1526 graviora.
674 1439 893 1524 Exaggeratis
926 1440 1027 1524 igitur
1058 1440 1159 1525 regiis

146 1530 276 1614 opibus,
304 1551 384 1614 quac
411 1529 604 1594 videbantur
632 1529 848 1612 sempiternae
879 1527 962 1613 fore,
995 1528 1073 1612 quid
1105 1528 1160 1594 ed-

147 1617 276 1704 iungit?

188 1741 292 1806 Haec
315 1742 442 1807 omnia
465 1741 544 1806 vidi
567 1741 815 1822 inflammari,

188 1829 342 1894 Priamo
365 1829 545 1894 viritem
568 1827 725 1914 evitari,
1174 1851 1201 1891 15

189 1917 294 1984 Iovis
318 1921 422 1983 arem
445 1918 633 2002 sanguine
656 1916 818 2002 turpari.

93 2065 127 2113 46
142 2043 353 2108 Praeclarum
376 2042 516 2105 carmen!
569 2040 631 2105 Est
654 2041 796 2106 eetnim
818 2040 914 2106 rebus
938 2044 971 2104 et
992 2041 1101 2106 verbis
1126 2043 1160 2106 et

144 2131 249 2196 modis
276 2129 422 2213 lugubre.
471 2128 658 2230 Eripiamus
685 2128 761 2194 huic
790 2132 895 2213 aegnt
871 2128 1034 2194 tudinem.
1086 2128 1157 2205 Quo

145 2218 255 2284 modo!
301 2215 549 2282 Conloccmus
538 2239 574 2282 ιιι
597 2217 715 2282 culcita
679 2219 879 2301 tplumea‚
908 2217 1079 2302 psaltriam
1103 2219 1158 2282 ad-

146 2308 313 2390 ducamus,
345 2304 504 2389 hedychri
529 2305 736 2370 incendamus
765 2311 853 2370 scuta
836 2305 947 2389 ellam,
981 2306 1157 2371 dulciculae
1172 2336 1200 2377 so

145 2396 288 2480 potionis
313 2393 435 2478 aliquid
457 2393 674 2458 videamuset
697 2394 770 2458 cibi.
804 2392 895 2459 Haec
917 2393 1049 2458 taudem
1071 2394 1159 2459 bona

147 2489 235 2568 sunt,
258 2483 374 2568 quibus
398 2482 616 2568 aegritudines
640 2482 849 2568 gravissimae
873 2482 1097 2568 detrahentem
1121 2486 1159 2548 tu
1275 2535 1276 2540 ,

147 2573 233 2637 enim
259 2572 356 2655 paulo
385 2575 459 2635 ante
485 2592 526 2635 ne
554 2571 741 2656 intellegere
774 2570 904 2655 quidem
931 2574 964 2635 te
992 2571 1058 2635 alia
1089 2570 1158 2636 ulla

147 2661 285 2728 dicebas.
325 2658 483 2723 Revocari
506 2660 607 2744 igitur
631 2663 778 2742 oportere
798 2681 817 2722 a
837 2681 982 2724 maerore
1007 2658 1047 2722 ad
1070 2659 1157 2745 cogi·
1275 2673 1276 2744 ξ

147 2749 305 2813 tationem
332 2747 491 2812 bonorum
519 2749 703 2813 conveniret
730 2747 810 2811 mihi
838 2768 910 2812 cum
937 2746 1093 2831 Epicuro,
1121 2748 1158 2831 si,
1173 2779 1199 2821 25

148 2836 225 2922 quid
249 2838 333 2899 esset
354 2835 490 2920 bonum,
513 2836 706 2900 conveniret.

95 2931 139 2996 20
213 2924 309 2989 Dicet
332 2923 462 3008 aliquis:
494 2922 579 2999 Quid
602 2924 701 3008 ergo?
730 2928 767 2988 tu
790 2923 968 3007 Epicurum
991 2923 1157 2989 existimas

146 3014 211 3078 ista
238 3011 392 3094 voluisse,
421 3015 478 3076 aut
503 3011 695 3077 libidinosas
728 3011 795 3076 eius
827 3012 928 3077 fuisse
960 3013 1159 3078 sententias?

147 3102 220 3186 Ego
237 3122 315 3166 vero
335 3100 479 3183 minime;
502 3099 595 3164 video
615 3101 701 3166 enim
719 3101 760 3164 ab
780 3121 816 3164 eo
836 3100 898 3165 dici
917 3100 1021 3166 multa
1038 3121 1159 3184 severe,

148 3191 252 3256 multa
278 3189 451 3272 praeclare.
500 3185 627 3272 Itaque,
654 3192 691 3253 ut
718 3210 814 3272 saepe
842 3188 922 3267 dixi,
948 3188 987 3252 de
1013 3189 1158 3255 acumine
1172 3223 1198 3264 ω

149 3278 258 3361 agitur
280 3277 363 3360 eius,
385 3297 452 3341 non
475 3275 513 3338 de
537 3276 695 3362 moribus,
717 3278 864 3360 quamvis
889 3281 1022 3360 spernat
1045 3278 1160 3362 volup

149 3370 233 3430 tates
257 3387 324 3443 eas,
352 3385 432 3447 quas
456 3362 551 3428 modo
574 3364 730 3447 laudarit,
760 3384 820 3448 ego
843 3368 953 3428 tamen
975 3365 1160 3450 meminero,

150 3454 236 3538 quod
259 3452 406 3517 videatur
429 3451 459 3515 ei
483 3473 643 3516 summum
668 3452 799 3516 bonum.
844 3450 920 3517 Non
948 3453 1034 3517 enim
1060 3454 1161 3519 verbo

151 3542 254 3606 solum
278 3541 385 3622 posuit
403 3539 616 3624 voluptatem,
640 3540 696 3604 sed
715 3540 912 3625 explanavit,
935 3541 1013 3623 quid
1032 3541 1162 3608 diceret.
