2552 3966
299 241 383 295 'LlB.
402 241 437 298 11.
466 239 543 294 CAP.
562 245 684 296 26-28.
705 245 720 306 d
739 243 860 296 85-89.
1058 239 1101 304 59

85 399 299 468 Carneadem.
344 402 394 467 Ea
417 406 494 466 sunt
525 401 720 485 eiusmodi,
751 423 874 486 quaec
903 406 937 466 te
967 400 1101 487 diligen·
1120 413 1155 464 88

85 491 212 554 tissime
240 492 384 556 tractata
408 493 497 555 sunt:
533 489 774 554 Dormientium
797 493 831 554 et
861 489 1101 555 vinulentorum

86 583 118 644 et
139 578 342 644 furiosorum
364 577 436 644 visa
458 577 673 642 imbecilliore
696 599 765 642 esse
788 577 916 644 dicebas
941 598 1037 660 quam
1054 579 1102 643 vi·

88 667 275 751 gilentium,
298 667 465 749 siccorum,
489 687 650 731 sanorum.
686 665 757 742 Quo
781 665 899 730 modo?
922 665 1007 748 quia,
1030 687 1102 729 cum

88 758 297 838 experrectus
320 758 406 818 esset
426 753 566 838 Ennius,
594 775 662 819 non
690 754 811 819 diceret
834 775 868 818 se
891 752 1011 817 vidisse
1034 751 1102 818 Ho-

63 863 223 927 cmerum,
247 842 305 907 se'd
325 843 432 907 visum
454 835 534 927 esst,
556 841 711 907 Alcmaeo
735 846 858 907 autem:

154 963 230 1031 sed
253 965 348 1030 mihi
369 965 595 1049 neutiquam
619 967 682 1030 cor
706 965 905 1030 consentit
928 1016 935 1030 .
959 1016 966 1030 .
990 1015 997 1029 .
1021 1013 1028 1029 .

21 1135 23 1156 .
91 1087 218 1154 Similia
241 1089 280 1153 de
303 1089 486 1175 vinulentis.
533 1088 633 1165 Quasi
656 1089 826 1172 quisquam
847 1091 946 1173 neget
969 1091 1014 1172 et,
1047 1087 1102 1171 qui

91 1179 295 1260 experrectus
314 1178 367 1261 sit,
390 1187 462 1242 eum
486 1175 665 1242 somniasse
688 1197 720 1242 se
738 1179 784 1260 et,
807 1177 897 1241 cuius
918 1175 1010 1240 furor
1029 1178 1102 1240 con-

57 1289 81 1328 1⁰
92 1265 223 1343 sederit,
254 1267 368 1348 putare
395 1287 459 1330 non
489 1265 591 1329 fuisse
614 1285 653 1328 ea
674 1285 764 1348 vera,
796 1284 878 1350 quae
902 1267 1011 1330 essent
1039 1263 1102 1328 sibi

91 1355 160 1419 visa
182 1355 220 1418 in
246 1351 363 1418 furore.
410 1351 472 1419 Sed
494 1374 562 1418 non
588 1351 623 1416 id
650 1353 772 1437 agitur3
804 1357 888 1435 tum,
921 1373 993 1417 cum
1015 1351 1101 1416 vide-

92 1441 220 1524 bantur,
242 1463 305 1526 quo
328 1441 424 1507 modo
448 1440 641 1524 viderentur,
663 1440 697 1504 id
721 1439 893 1523 quaeritur.
929 1439 1003 1504 Nisi
1026 1459 1101 1503 vero

92 1528 233 1595 Ennium
255 1550 321 1594 non
343 1533 495 1613 putamus
518 1529 565 1593 ite
587 1532 694 1593 totum
717 1527 797 1592 illud
821 1525 995 1592 audivisse:

133 1645 184 1718 Ὀ
208 1653 336 1736 pietas
361 1653 479 1718 animi
503 1704 509 1716 .
535 1703 541 1716 .
565 1704 572 1718 .
596 1702 619 1738 .,

23 1798 26 1804 ·
62 1799 83 1838 15
95 1777 121 1840 si
142 1776 239 1842 modo
262 1776 295 1841 id
320 1776 503 1858 somniavit,
525 1779 562 1840 ut
586 1774 614 1839 si
637 1773 779 1858 vigilans
804 1773 937 1838 audiret.
981 1773 1103 1856 Exper-

93 1868 197 1930 rectus
220 1864 308 1929 euim
328 1864 438 1948 potuit
460 1863 518 1928 illa
537 1862 608 1927 visa
630 1865 753 1946 putare,
776 1865 813 1926 ut
835 1864 938 1944 erunt,
960 1861 1102 1944 somnia,

94 1952 266 2039 dormienti
283 1973 360 2019 vero
381 1973 480 2037 aeque
504 1972 542 2017 ac
560 1950 710 2034 vigilanti
732 1950 964 2037 probabantur.
997 1947 1101 2025 Quid?

94 2040 199 2107 Iliona
222 2061 338 2105 somno
361 2040 433 2105 illo:

157 2163 294 2246 Mater,
316 2167 354 2228 te
378 2164 536 2248 appello
546 2212 676 2227 .....

59 2308 198 2352 unonne
221 2287 270 2352 ita
293 2286 394 2352 credit
415 2286 520 2351 filium
547 2287 703 2369 locutum,
730 2290 768 2351 ut
791 2287 978 2369 experrecta
1001 2285 1098 2364 etium

64 2427 67 2432 .
95 2373 260 2442 crederet?
305 2374 398 2440 Unde
422 2375 508 2440 enim
531 2374 603 2439 illa:

157 2497 238 2583 Age
257 2498 381 2581 adsta,
399 2518 521 2580 mane,
544 2496 646 2582 audi;
669 2495 859 2560 iteradum
877 2495 1102 2647 cadenchipta

948 2605 997 2646 mr
1030 2605 1056 2647 1.

95 2733 169 2778 uum
195 2709 323 2774 videtur
352 2710 509 2775 minorem
542 2707 663 2772 habere
691 2707 769 2771 visis
802 2728 899 2791 quam
928 2707 1100 2792 vigilantes

62 2796 242 2964 25thdelitiid
263 2886 378 2970 loquar
395 2885 434 2950 de
458 2883 604 2950 insanis?
628 2883 732 2968 qualis
750 2884 882 2948 tandem
905 2883 969 2946 fuit
987 2881 1101 2946 adfinis
1111 2835 1156 2976 bb

98 2980 180 3059 tuus,
212 2971 340 3052 Catule,
372 2971 575 3038 Tuditanus?
607 2972 778 3056 quisquam
810 2972 1000 3036 sanissimus
1032 2974 1101 3034 tam

99 3066 180 3128 certa
202 3065 310 3146 putat,
333 3083 414 3145 quae
437 3060 538 3145 videt,
569 3081 666 3144 quam
689 3061 718 3124 is
741 3060 888 3143 putabat,
910 3079 990 3143 quae
1013 3056 1100 3122 vide·

99 3148 232 3216 bantur?
255 3149 360 3226 Quid?
383 3149 448 3232 ille,
471 3149 539 3234 qui:

67 3301 90 3349 u
160 3273 294 3358 Vide6,
316 3273 427 3338 video
450 3275 497 3336 te.
541 3268 651 3354 Vive,
673 3269 821 3354 Ulixes,
843 3271 929 3335 dum
951 3270 1057 3350 licet,

101 3418 199 3463 nonne
223 3396 321 3461 etiam
352 3396 404 3460 bis
435 3393 629 3467 exclamavit
658 3413 692 3458 se
715 3393 836 3477 videre,
869 3413 940 3456 cum
971 3391 1103 3456 omuino
1157 3367 1158 3370 Ἴ

101 3507 162 3551 non
182 3481 326 3548 videret?
372 3480 479 3558 Quid?
509 3481 594 3565 apud
623 3479 813 3563 Euripidem
840 3477 995 3543 Hercules
1023 3497 1105 3561 cum,

103 3576 135 3639 ut
155 3571 332 3656 Eurysthei
353 3571 451 3649 filios,
484 3568 530 3634 ita
554 3589 629 3633 suos
653 3566 838 3650 configebat
861 3565 1004 3649 sagittis,
1031 3587 1107 3631 cum
