2568 3948
162 219 227 283 218
326 217 374 274 ΒΕ
393 218 537 272 FINIBUS
556 217 735 273 BONORUM
753 217 800 272 ET
819 216 1003 272 MALORUM

160 381 319 465 quaedam
352 383 384 444 et
415 380 575 445 diviniora
605 378 776 463 vidissent,
813 400 924 444 sensus
961 379 1171 462 reliquerunt,

161 470 208 534 sic
230 469 300 552 isti,
330 490 402 533 cum
426 489 464 532 ex
488 467 687 552 appetitione
710 489 818 530 rerum
840 466 970 531 virtutis
993 466 1170 551 pulchritu·

159 557 269 621 dinem
283 557 494 641 aspexissent,
513 557 632 638 omnia,
650 576 732 639 quae
749 557 877 638 praeter
890 554 1046 619 virtutem
1064 554 1170 638 ipsam

159 645 321 728 viderant,
348 645 535 709 abiecerunt
561 643 656 708 obliti
682 645 832 708 naturam
860 663 990 707 omnem
1018 644 1170 726 appeten-

160 734 274 798 darum
305 753 413 798 rerum
441 732 488 795 ita
510 731 575 796 late
597 733 723 815 patere,
750 734 787 795 ut
810 753 829 794 a
852 730 1019 813 principiis
1043 752 1197 813 permar

159 827 254 886 naret
289 820 330 883 ad
361 820 454 903 fines,
486 840 588 903 neque
616 818 810 902 intellegunt
838 839 872 882 se
898 839 1006 882 rerum
1036 817 1170 882 illarum
1277 855 1278 884 ;

160 909 369 993 pulchrarum
388 911 484 990 atque
498 907 738 972 admirabilium
756 904 967 971 fundamenta
983 906 1169 971 subducere.

110 977 151 1040 15
227 995 340 1079 ltaque
368 995 448 1060 mihi
476 995 625 1059 videntur
652 1014 764 1060 omnes
791 993 920 1077 quidem
952 993 1003 1057 illi
1035 1014 1169 1076 errasse,
1266 999 1269 1004 '

161 1085 218 1168 qui
239 1085 335 1148 linem
358 1084 516 1149 bonorum
539 1103 608 1148 osse
631 1081 781 1146 dixerunt
802 1081 938 1146 honeste
961 1081 1083 1165 vivere,
1113 1081 1170 1145 scd

161 1172 245 1236 alius
270 1172 335 1237 alio
359 1173 475 1254 magis,
499 1170 625 1255 Pyrrho
650 1170 775 1235 scilicet
794 1168 946 1250 maxime,
969 1171 1025 1253 qui
1047 1170 1169 1234 virtute
1184 1195 1210 1234 ιο

161 1259 340 1325 constituta
361 1258 443 1323 nihil
467 1259 611 1342 omnino,
638 1257 724 1342 quod
746 1257 962 1342 appetendum
986 1257 1042 1340 sit,
1071 1257 1169 1322 relin-
1278 1281 1279 1346 i

160 1351 252 1431 quat,
284 1347 399 1411 deinde
430 1346 556 1428 Aristo,
593 1347 649 1431 qui
684 1345 767 1411 nihil
803 1345 984 1428 relinquere
1015 1366 1083 1410 non
1119 1349 1170 1410 est
1278 1363 1279 1366 ’

161 1457 271 1519 ausus,
303 1434 483 1500 introduxit
515 1438 637 1517 autem,
671 1434 788 1518 quibus
820 1437 1002 1498 commotus
1039 1434 1168 1517 sapiens

161 1526 329 1607 appeteret
356 1521 492 1607 aliquid,
519 1523 739 1606 quodcumque
771 1523 806 1586 in
832 1525 973 1585 mentem
1005 1521 1170 1604 incideret,
1279 1584 1280 1612 ἢ

162 1614 195 1675 et
221 1607 442 1696 quodcumque
469 1613 641 1694 tamquam.
663 1613 853 1674 occurreret.
902 1608 936 1672 Is
959 1608 1025 1674 hoc
1055 1608 1170 1673 melior
1185 1635 1211 1674 15

161 1721 259 1782 quam
291 1699 433 1783 Pyrrho,
464 1698 551 1783 quod
584 1696 713 1780 aliquod
741 1719 841 1782 genus
872 1697 1045 1781 appetendi
1074 1696 1171 1782 dedit,

161 1787 303 1852 deterior
338 1809 435 1871 quam
471 1786 586 1869 ceteri,
622 1785 707 1869 quod
743 1786 872 1868 penitus
911 1806 931 1849 a
969 1789 1086 1849 natura
1122 1807 1170 1849 re·

162 1876 270 1940 cessit.
320 1873 423 1939 Stoici
455 1876 577 1957 autem,
605 1872 690 1958 quod
726 1873 825 1937 finem
855 1874 1015 1938 bonorum
1044 1874 1079 1936 in
1106 1895 1170 1937 una

161 1964 282 2034 virtute
317 1965 454 2046 ponunt,
491 1961 612 2027 similes
650 1963 725 2024 sunt
760 1961 905 2044 illorum3
942 1961 1028 2045 quod
1063 1963 1170 2025 autom

161 2051 357 2134 principium
394 2048 494 2115 officii
529 2052 705 2132 quaerunt,
745 2048 860 2113 melius
897 2070 993 2133 quam
1030 2049 1171 2134 Pyrrh03
1186 2076 1213 2114 20

161 2137 248 2222 quod
270 2158 396 2201 canon
420 2137 622 2201 occurrentia
644 2137 784 2221 fingunt,
811 2137 946 2202 vincunt
971 2137 1172 2220 Aristonem3

161 2225 247 2309 quod
280 2228 388 2288 autem
420 2245 471 2307 ea,
503 2245 584 2307 quae
617 2225 656 2288 ad
688 2229 839 2290 naturam
869 2225 1111 2290 accommodata
1138 2229 1172 2290 et

161 2334 219 2397 per
256 2335 290 2376 se
327 2311 520 2376 assumenda
557 2334 626 2378 esse
659 2312 783 2395 dicunt,
819 2333 886 2377 non
917 2312 1097 2396 adiungrurt
1130 2313 1172 2378 ad

160 2401 259 2465 finem
282 2401 453 2483 bonorum,
476 2399 659 2465 desciscunt
681 2423 701 2464 a
722 2403 840 2464 natura
859 2404 892 2464 et
914 2401 1053 2484 quodam
1075 2400 1171 2465 modo

161 2494 238 2554 sunt
259 2511 326 2554 non
354 2487 528 2553 dissimiles
550 2488 722 2553 Aristonis.
773 2487 834 2552 Ille
862 2489 948 2552 enim
971 2488 1213 2554 occurrentium

160 2578 271 2642 nescio
299 2598 382 2661 quae
410 2575 728 2659 comminiscebatur3
756 2576 790 2640 hi
823 2581 931 2641 autem
962 2579 1087 2661 ponunt
1119 2576 1172 2640 illi

161 2666 292 2750 quidem
314 2665 419 2749 prima
441 2668 590 2749 naturae,
618 2665 674 2730 sed
697 2685 735 2728 ea
759 2666 933 2749 seiungunt
955 2687 975 2729 a
997 2664 1115 2730 finibus
1138 2667 1172 2729 et

163 2775 289 2817 summa
311 2753 484 2838 bonorum3
509 2774 590 2836 quae
612 2774 683 2817 cum
706 2755 922 2836 praeponunt,
944 2755 982 2816 ut
1000 2751 1045 2816 sit
1063 2752 1172 2836 aliqua

161 2861 269 2905 rerum
298 2841 443 2924 selectio,
470 2844 621 2905 naturam
648 2839 797 2904 videntur
824 2841 927 2924 sequi3
961 2861 1032 2904 curn
1063 2844 1171 2905 autem

161 2931 285 3012 negant
325 2951 363 2994 ea
399 2929 572 3012 quicquam
609 2928 650 2992 ad
689 2928 818 2992 beatam
858 2928 961 2992 uitam
1001 2929 1171 3012 pertinere,
1186 2953 1213 2994 ao

108 3039 144 3086 44
163 3038 275 3080 rursus
307 3019 458 3081 naturam
488 3016 683 3099 relinquunt.
736 3015 845 3099 Atque
882 3015 985 3080 adhuc
1022 3037 1061 3080 ea
1096 3015 1172 3100 dixi,

161 3126 259 3170 causa
278 3125 334 3169 cur
353 3104 474 3168 Zenoni
492 3125 558 3168 non
575 3103 703 3187 fuisset,
727 3125 824 3186 quam
843 3104 884 3169 ob
903 3125 972 3168 rem
991 3125 1011 3167 a
1030 3103 1171 3187 superio·

161 3214 233 3257 rum
266 3191 460 3257 auctoritate
491 3190 682 3272 discederet3
718 3212 804 3256 nunc
836 3192 960 3275 reliqua
995 3191 1171 3270 videamus,

160 3281 225 3344 nisi
252 3283 308 3344 aut
335 3279 376 3344 ad
403 3278 496 3363 haec,
529 3275 625 3362 Cato,
653 3279 757 3343 dicere
789 3279 909 3363 aliquid
941 3280 991 3343 uis
1024 3282 1080 3343 aut
1111 3300 1171 3344 nos

160 3369 226 3432 iam
265 3368 428 3452 longiores
463 3388 584 3430 sumus.
642 3366 803 3432 Neutrum
838 3388 928 3449 vero,
965 3367 1072 3451 inquit
1108 3367 1173 3431 ille.
1186 3392 1213 3434 aa

160 3452 248 3519 Nam
281 3459 315 3519 et
341 3478 360 3520 a
386 3458 420 3518 te
451 3453 561 3536 perfici
588 3455 687 3520 istam
715 3454 968 3538 disputationem
998 3455 1086 3538 volo,
1113 3475 1173 3520 nec

161 3546 219 3606 tua
241 3541 322 3606 mihi
346 3542 451 3607 oratio
475 3543 573 3626 longa
591 3543 692 3608 videri
710 3545 827 3626 potest.
863 3541 1006 3626 Optime,
1029 3543 1174 3626 inquam.
