2564 3950
331 241 397 294 LlB.
417 241 463 296 lv.
492 241 568 296 CAP.
588 247 710 296 26-28.
740 247 755 306 1
774 246 895 297 13-18,
1051 243 1115 305 231

104 402 196 466 nihil·
215 399 313 466 iuvat.
349 400 417 466 Nec
441 402 540 485 enim,
564 423 674 466 omnes
695 400 847 464 avaritias
870 401 898 464 si
922 423 1019 485 aeque
1044 425 1116 466 ava·

106 490 201 553 1111111
226 510 295 554 0110
320 488 509 570 dixerimus,
533 493 695 573 sequetur,
723 492 760 552 ut
783 488 881 552 etiam
904 510 1023 573 aequas
1047 511 1116 554 csse

11 629 12 632 .
106 575 261 641 dicamur.
300 576 392 642 Ecce
420 577 508 641 aliud
531 576 636 640 simile
664 575 828 640 dissimile.
874 575 919 640 Ut
942 576 1041 660 enim,
1066 577 1115 640 in·
1135 592 1169 640 70

107 665 192 747 quit,
224 665 423 749 gubernator
455 685 555 748 aeque
586 668 710 747 peccat,
743 664 771 727 si
803 664 966 746 palearum
999 685 1116 730 navem

78 752 226 816 revertit
253 755 286 815 et
313 752 341 816 si
369 752 452 834 auri,
479 753 558 815 item
587 773 687 834 aeque
714 753 839 834 peccat,
867 752 922 834 qui
949 756 1116 834 parentem

107 843 141 902 et
168 839 224 922 qui
252 861 379 903 servum
405 839 525 904 iniuria
551 839 708 903 verberat.
734 873 779 884 -
806 837 879 903 Hoc
905 861 971 904 non
1000 840 1116 922 videre,

107 927 200 991 cuius
228 927 354 1010 generis
383 948 463 991 onus
491 927 583 990 navis
611 927 721 1009 vehat,
751 926 786 990 id
819 926 859 990 ad
891 927 1115 1010 gubernatoris

108 1017 212 1078 artem
234 1014 316 1077 nihil
340 1015 512 1096 pertinere!
538 1015 649 1098 itaque
673 1035 787 1077 aurum
810 1014 976 1097 paleamne
1000 1018 1115 1098 portet,

108 1100 148 1164 ad
175 1102 257 1165 bene
288 1105 343 1166 aut
373 1101 414 1166 ad
445 1102 529 1168 male
562 1101 805 1185 gubernandum
831 1101 913 1165 nihil
945 1103 1114 1167 interesse!

67 1213 94 1252 10
108 1189 154 1251 At
177 1188 254 1273 quid
276 1189 360 1253 inter
382 1193 550 1272 parentem
571 1193 603 1252 et
621 1189 784 1254 servulum
806 1188 944 1268 intersit,
967 1191 1115 1275 intellegi

109 1278 142 1338 01
168 1279 279 1358 potest
310 1279 343 1340 et
374 1276 477 1341 debet.
528 1276 616 1361 Ergo
648 1277 682 1342 in
714 1277 922 1361 gubernando
954 1277 1049 1362 nihil,
1081 1280 1116 1343 in

109 1363 216 1427 officio
240 1363 415 1446 plurimum
438 1365 582 1442 interest,
607 1385 670 1447 quo
692 1365 725 1427 in
744 1385 860 1449 genere
878 1369 1035 1448 peccetur.
1070 1365 1115 1430 Et

109 1450 137 1514 si
159 1451 194 1514 in
218 1451 289 1534 ipsa
312 1451 544 1536 gubernatione
571 1452 778 1537 neglegentia
801 1456 851 1516 est
879 1454 971 1517 navis
995 1475 1116 1536 eversa,

109 1538 215 1602 maius
234 1541 285 1602 cst
306 1542 473 1621 peccatum
491 1539 531 1603 -in
550 1561 628 1604 auro
647 1561 743 1622 quam
762 1539 796 1603 in
818 1541 919 1622 palea.
957 1539 1114 1604 Omnibus

69 1649 95 1688 15
110 1626 196 1689 enim
229 1626 354 1691 artibus
392 1625 540 1692 volumus
578 1626 771 1690 attributam
807 1648 876 1691 esse
913 1649 996 1710 eam,
1033 1650 1114 1710 quae

11 1739 12 1746 ¹
109 1713 288 1778 communis
325 1714 506 1798 appellatur
543 1713 729 1797 prudentia,
766 1735 864 1796 quam
900 1735 1023 1797 omnes,
1059 1715 1115 1798 qui

11 1811 12 1814 ’
108 1801 223 1884 cuique
247 1801 383 1866 artificio
406 1804 573 1884 praesunt,
600 1801 718 1864 debent
743 1801 870 1864 habere.
915 1801 967 1865 Ita
990 1823 1031 1866 ne
1053 1801 1115 1866 hoc

110 1889 238 1970 quidem
260 1889 355 1952 modo
379 1889 472 1971 paria
494 1893 627 1973 peccata
651 1892 734 1954 sunt.

175 1973 324 2060 Urguent
353 1980 463 2040 tamen
485 1982 518 2040 et
539 1976 622 2040 nihil
644 1977 821 2041 remittunt.
868 1977 1039 2061 Quoniam,
1067 1949 1166 2074 ἰη-ξξ

70 2089 96 2127 a
110 2063 238 2147 quiunt,
262 2085 355 2129 omne
378 2068 545 2146 peccatum
572 2064 804 2129 imbecillitatis
828 2068 860 2128 01
882 2066 1114 2130 inconstantiae

111 2154 174 2234 est,
197 2150 276 2215 haec
295 2154 402 2216 autem
420 2152 500 2216 vitia
523 2152 557 2216 in
575 2153 723 2216 omnibus
747 2153 854 2216 stultis
875 2175 974 2237 acque
996 2175 1114 2238 magna

111 2243 200 2321 sunt,
222 2260 352 2303 necesse
376 2242 425 2303 est
447 2239 539 2322 paria
562 2261 632 2303 esse
655 2244 797 2322 peecata.
838 2239 937 2315 Quasi
959 2262 1034 2306 vero
1059 2247 1114 2306 aut

110 2326 305 2390 concedatur
326 2327 361 2391 in
384 2326 533 2392 omnibus
552 2327 662 2391 stultis
681 2349 780 2410 aeque
799 2348 918 2411 magna
936 2351 1005 2392 esse
1026 2329 1114 2407 vitia,

11 2413 13 2478 5
110 2418 143 2478 et
170 2413 281 2478 eadem
314 2413 538 2478 imbecillitate
571 2417 604 2478 01
633 2413 851 2479 inconstantia
886 2414 921 2478 L.
953 2414 1114 2479 Tubulum

11 2513 12 2538 ¹
69 2526 96 2566 aa
110 2501 224 2584 fuisse,
246 2522 311 2584 qua
329 2501 434 2585 illum,
457 2502 546 2566 cuius
570 2501 599 2565 is
618 2501 848 2566 condemnatus
868 2505 917 2565 011
934 2503 1114 2585 rogatione,

11 2585 12 2620 ³
109 2589 144 2653 P.
168 2585 367 2671 Scaevolam,
397 2591 429 2653 et
457 2589 549 2673 quasi
576 2588 662 2652 nihil
687 2589 771 2652 inter
794 2609 845 2652 res
869 2610 994 2673 quoque
1017 2590 1114 2675 ipsas,

110 2677 143 2739 in
175 2675 293 2760 quibus
325 2680 489 2760 peccatur,
521 2675 663 2759 intersit,
697 2679 746 2760 ut,
778 2698 841 2760 quo
878 2676 939 2740 hae
975 2679 1113 2743 maiores

110 2763 290 2827 minoresve
314 2764 392 2842 sint,
415 2786 466 2843 eo,
490 2787 572 2848 quae
594 2763 765 2847 peccentur
787 2765 822 2828 in
843 2763 895 2828 his
918 2765 1028 2849 rebus,
1058 2769 1114 2830 aut

110 2850 234 2914 maiora
262 2851 327 2914 sint
354 2853 411 2916 aut
437 2851 575 2917 minora!
624 2851 737 2936 Itaque
768 2847 847 2936 (iam
876 2852 960 2916 enim
988 2854 1113 2919 conclu·
1132 2877 1166 2925 78

70 2962 98 3001 ao
111 2937 205 3001 datur
223 2935 343 3023 oratio)
361 2938 423 3002 hoc
440 2961 503 3002 uno
522 2941 603 3003 vitio
621 2940 760 3004 maxime
781 2939 864 3002 mihi
885 2943 989 3023 premi
1006 2941 1114 3005 viden-

110 3027 163 3088 tur
189 3025 238 3089 tui
262 3023 376 3108 Stoici,
402 3026 487 3109 quod
510 3047 544 3090 se
574 3048 669 3109 posse
692 3030 810 3110 putant
833 3027 911 3092 duas
935 3029 1113 3093 contrarias

111 3112 285 3176 sententias
314 3113 468 3178 obtinere.
519 3112 602 3188 Quid
634 3115 717 3178 enim
751 3118 800 3180 est
830 3118 898 3179 tam
930 3136 1113 3198 repugnans

111 3221 207 3283 quam
233 3199 369 3264 eundem
398 3200 515 3283 dicere,
542 3201 627 3284 quod
658 3201 831 3266 honestum
861 3203 918 3284 sit,
947 3203 1050 3266 solum
1081 3202 1113 3265 id

110 3285 230 3351 bonum
253 3309 336 3370 esse,
364 3287 419 3372 qui
447 3288 534 3352 dicat
557 3288 788 3371 appetitionem
811 3311 917 3353 rerum
944 3289 984 3352 ad
1007 3289 1113 3353 viven-

71 3397 99 3438 aa
111 3373 186 3438 dum
210 3375 523 3440 accommodatarum
547 3397 566 3440 a
588 3379 706 3440 natma
726 3375 926 3459 profectam?
967 3375 1019 3440 lta
1042 3397 1114 3440 cum

110 3483 147 3526 ea
179 3463 291 3526 volunt
326 3463 478 3546 retinere,
515 3485 596 3548 quae
633 3463 790 3546 superiori
825 3463 1004 3526 sententiae
1040 3485 1113 3528 con·

11 3561 12 3566 ’
110 3549 256 3633 veniunt,
283 3550 318 3613 in
345 3549 532 3615 Aristonem
560 3550 719 3634 incidunt,
748 3571 819 3614 cum
846 3549 879 3612 id
910 3549 1051 3633 fugiunt,
1079 3572 1113 3614 re
