2574 3956
370 231 490 287 111111.
519 229 595 286 oAP.
615 237 645 298 a,
664 237 688 287 4.
717 237 731 296 1
751 237 854 286 o-ra
1063 231 1125 295 125

111 415 192 458 vero
225 393 291 457 11111
322 393 500 476 voluptatis
533 413 617 476 esse,
650 392 747 457 aliam
778 392 861 457 nihil
892 393 1033 477 dolendi,
1062 393 1126 458 nisi

113 480 210 545 valde
237 481 388 564 pertinax
420 481 532 564 fueris,
564 481 719 545 concedas
751 501 881 545 necesse
914 484 971 544 est.
1024 481 1125 564 Atqui

19 597 21 648 1
113 569 270 652 reperies,
293 569 411 653 inquit,
433 569 468 632 in
487 568 548 634 hoe
568 569 695 652 quidem
720 569 929 652 pertinacem3
953 569 1016 634 dici
1039 570 1125 633 enim

19 693 20 696 =
114 657 199 720 nihil
226 659 335 741 potest
362 657 478 722 verius.
527 657 643 740 Estne,
671 677 802 741 quaeso,
829 657 975 740 inquam,
1003 657 1126 722 sitienti

86 746 152 810 1111
174 745 315 809 bibendo
338 745 510 829 voluptas?
561 744 640 820 Quis
667 745 756 809 istud
783 745 902 829 possit,
927 746 1047 829 inquit,
1072 767 1126 809 111-

19 893 20 896 ,
115 833 216 917 gare?
238 869 276 879 —
298 831 475 918 Eademne,
498 855 580 918 quae
602 833 758 897 restincta
782 833 858 898 siti?
877 869 919 879 -
938 832 1041 898 Immo
1060 833 1124 898 alio

114 943 246 1006 genere3
282 921 436 986 restincta
473 921 559 986 enim
591 921 662 985 sitis
700 921 913 986 stabilitatem
949 922 1125 1005 voluptatis

113 1009 228 1092 habet,
250 1009 308 1073 illa
327 1012 435 1073 autem
453 1009 603 1092 voluptas
624 1009 726 1091 ipsius
744 1009 964 1075 restinctionis
983 1010 1018 1073 in
1036 1013 1124 1073 motu

115 1099 173 1162 est.
220 1095 285 1162 Our
313 1097 428 1180 igitur,
455 1098 599 1181 inquam,
626 1119 678 1161 res
707 1101 776 1162 tam
802 1097 981 1162 'dissimiles
1014 1097 1126 1162 eodem

75 1186 248 1251 1onomine
276 1186 442 1268 appellas?
493 1183 576 1260 Quid
604 1185 702 1267 paulo
726 1188 815 1268 ante,
837 1186 954 1269 inquit,
982 1185 1126 1268 dixerim,
1147 1199 1179 1245 10

108 1295 222 1338 ,nonne
251 1273 440 1352 meministi,
472 1295 545 1338 cum
573 1274 679 1337 omnis
713 1273 805 1337 dolor
836 1273 999 1339 detractus
1033 1276 1125 1355 esset,

115 1361 249 1445 variari,
281 1383 347 1425 non
376 1362 492 1445 'augeri
522 1361 745 1444 voluptatem?
797 1360 932 1425 Memini
959 1384 1050 1444 vere,
1079 1362 1126 1426 in-

115 1471 221 1532 quam.
267 1447 330 1513 Sed
351 1454 388 1514 tu
411 1450 495 1514 istuc
517 1449 598 1513 dixti
620 1450 701 1514 bene
724 1447 855 1535 Latine,
883 1471 998 1532 parum
1021 1450 1126 1534 plane.

114 1536 298 1602 Varietas
327 1539 411 1602 enim
438 1537 593 1602 Latinum
620 1537 753 1602 verbum
782 1541 843 1621 est,
874 1538 971 1622 idque
997 1539 1127 1622 proprie

74 1653 100 1692 15
117 1625 246 1709 quidem
265 1625 300 1690 in
318 1626 501 1710 disparibus
520 1625 684 1690 coloribus
707 1625 836 1709 dicitur,
860 1625 916 1690 sed
934 1625 1127 1690 transfertur

115 1715 151 1778 in
187 1713 292 1777 multa
328 1715 483 1797 disparia:
520 1714 669 1778 varium
704 1717 834 1796 po'e'ma,
870 1715 977 1778 varia
1012 1714 1126 1798 orati0,

115 1801 218 1866 varii
249 1823 369 1885 mores,
401 1803 508 1866 varia
539 1801 684 1885 fortuna,
718 1801 868 1884 voluptas
897 1801 993 1865 etiam
1020 1803 1127 1866 varia

19 1891 20 1906 ¹
116 1890 180 1953 diei
204 1890 300 1968 solet,
323 1911 396 1954 cum
418 1889 595 1974 percipitur
618 1911 635 1954 e
658 1889 769 1956 multis
797 1888 1008 1954 dissimilibus
1030 1889 1126 1954 rebus

117 1977 285 2042 dissimilis
308 1977 522 2042 efficientibus
545 1979 694 2061 voluptat
696 1999 738 2042 es.
779 1977 863 2042 Eam
887 1977 914 2042 si
936 1979 1127 2042 varietatem

75 2094 103 2132 20
117 2065 238 2130 diceres
239 2065 494 2151 ,intellegerem
512 2069 549 2129 ut
567 2067 665 2130 etiam
683 2087 750 2130 non
769 2065 927 2131 dicentet
928 2066 993 2130 ein
994 2067 1125 2168 tellego,

116 2155 181 2219 ista
203 2154 343 2218 varietas
373 2176 455 2238 quae
484 2155 540 2238 sit,
566 2175 632 2219 nou
655 2153 734 2218 satis
757 2154 931 2240 perspicio,
959 2155 1044 2239 quod
1069 2156 1127 2240 aie,

117 2264 190 2307 oum
218 2241 326 2306 dolore
354 2263 533 2324 careamus,
552 2236 666 2306 tum'
656 2265 690 2308 m
718 2265 844 2308 summa
871 2243 1038 2327 voluptate
1065 2265 1126 2308 nos

19 2379 20 2388 ,
117 2352 201 2412 esse,
232 2352 304 2394 oum
337 2333 445 2395 autem
479 2352 646 2396 vescamur
673 2330 714 2394 iis
746 2331 857 2413 rebus,
889 2353 971 2414 quae
1002 2331 1126 2396 dulcem

20 2403 21 2436 ¹
117 2421 243 2482 motum
269 2418 406 2483 afferant
438 2419 600 2502 1111111111,
636 2422 707 2482 tum
735 2440 803 2482 esse
831 2419 866 2482 in
894 2422 984 2484 motu
1013 2419 1125 2502 volup-

76 2535 103 2574 25
116 2510 232 2607 tatem,
265 2527 345 2590 quae
376 2506 477 2571 faciat
507 2507 646 2570 varietat
648 2528 698 2570 em
725 2507 943 2590 voluptatum,
976 2506 1032 2570 sed
1062 2529 1128 2572 non

118 2595 229 2678 augeri
256 2594 348 2659 illam
374 2617 440 2659 non
467 2594 596 2660 dolendi
623 2595 838 2679 voluptatem,
867 2616 963 2678 quam
991 2615 1047 2658 our
1072 2617 1127 2660 vo·

117 2684 189 2766 lupt
175 2686 277 2746 tatem
300 2683 457 2767 appelles,
479 2684 597 2749 nescio.
1149 2733 1171 2794 4

204 2771 257 2834 An
285 2774 406 2854 potest,
432 2771 539 2856 inquit
569 2771 666 2856 [ille],
697 2771 870 2855 quiequam
899 2792 968 2835 esse
998 2771 1126 2836 suavius
1147 2811 1174 2858 11

117 2880 214 2942 quam
236 2859 320 2923 nihil
343 2859 472 2923 dolere?
522 2858 625 2924 Immo
649 2859 692 2923 sit
715 2881 792 2924 sane
815 2859 897 2923 nihil
920 2859 1049 2944 melius,
1079 2861 1127 2923 in·

79 2972 105 3012 1ο
118 2969 214 3030 quam
238 2943 394 3031 (nondum
412 2947 498 3011 enim
521 2946 554 3010 id
577 2943 725 3033 quaero),
748 2969 826 3012 num
847 2952 1020 3031 propterea
1043 2947 1127 3012 idem

117 3035 268 3119 voluptas
296 3039 358 3118 111,
385 3034 485 3119 quod,
512 3038 549 3098 ut
571 3035 618 3099 ita
640 3035 757 3119 dicam,
782 3035 980 3101 indolentia?
1025 3035 1126 3099 Plane

117 3122 214 3200 idem,
234 3123 352 3208 inquit,
370 3127 404 3187 et
421 3121 562 3187 maxima
580 3122 721 3207 quidem,
744 3144 807 3207 qua
824 3124 895 3189 fieri
914 3123 1005 3188 nulla
1023 3123 1127 3187 maior

117 3215 233 3294 potest.
279 3210 362 3288 Quid
386 3210 512 3275 dubitas
536 3211 650 3295 igitur,
680 3211 826 3294 inquam,
849 3233 974 3277 summo
998 3211 1083 3275 bono
1108 3233 1127 3274 a

117 3301 149 3362 te
172 3299 220 3363 ita
242 3299 434 3383 constituto,
463 3302 501 3363 ut
522 3299 556 3363 id
578 3301 684 3363 totum
706 3300 741 3362 in
763 3321 829 3364 non
851 3299 988 3363 dolendo
1013 3298 1070 3380 sit,
1093 3297 1126 3363 id

81 3412 105 3452 aa
118 3391 226 3452 tencre
258 3409 372 3472 unum,
407 3387 440 3451 id
470 3387 574 3471 tueri,
600 3387 633 3451 id
670 3386 860 3451 defendere?
919 3385 1003 3463 Quid
1040 3386 1125 3451 enim
1146 3407 1178 3456 12

117 3495 246 3540 necesse
287 3478 350 3559 est,
385 3478 552 3559 tamquam
588 3475 790 3539 meretricem
831 3475 865 3538 in
905 3478 1126 3540 matronarum

118 3566 258 3645 coetum,
294 3564 340 3628 sic
376 3563 578 3647 voluptatem
613 3563 648 3627 in
683 3562 839 3627 virtutum
871 3562 1040 3628 concilium
1073 3563 1125 3628 ad-
