2574 3956
271 261 296 266 Η
340 197 461 252 11011.
497 199 574 254 001).
594 205 641 268 00,
661 206 702 254 01.
736 204 909 266 001-100,
1066 201 1127 264 161

32 381 44 394 ··
117 361 154 422 00
177 357 294 423 caritas
318 358 491 443 amicitiae,
515 381 713 425 summorum
735 359 916 424 officiorum
933 361 968 424 in
986 364 1128 426 extremo

12 491 13 494 ,
117 445 239 528 spiritu
267 448 467 512 conservatio
495 448 618 513 indicat
646 448 791 512 innatam
815 467 885 512 esse
907 447 1033 513 homini
1054 472 1129 533 pro-

116 534 257 598 bitatem
288 535 479 619 gratuitam,
511 557 577 600 non
609 535 780 600 invitatam
816 535 1039 618 voluptatibus
1070 559 1129 602 nec

12 691 13 694 ,
115 623 338 704 praemiorum
367 622 565 688 mercedibus
588 627 764 689 evocatam.
815 621 908 697 Quod
931 623 1015 688 enim
1039 626 1128 688 testi-

12 711 13 714 ’
88 710 266 775 amonium
288 710 393 800 maius
417 713 613 795 quaerimus,
636 733 718 796 quae
739 710 878 776 honesta
897 715 930 776 et
948 716 1037 776 recta
1056 713 1129 796 sint,

113 798 191 880 ipsa
223 819 292 863 csse
325 798 483 882 optabilia
520 821 579 883 per
610 819 696 883 0000,
732 821 805 864 cum
837 799 1001 864 videamus
1038 803 1130 864 101100

114 885 227 950 officia
250 886 439 952 morientis?
475 885 538 952 Sed
560 891 597 952 ut
619 888 791 971 epistulam
811 887 1006 952 laudandam
1024 887 1107 952 arbi·
1132 910 1183 956 100

113 977 189 1038 tror
216 995 302 1058 00111,
331 996 428 1058 quam
455 975 552 1040 modo
580 975 714 1040 totidem
741 975 808 1040 fere
836 975 944 1041 verbis
973 977 1129 1059 interpre-

114 1065 207 1127 tatus
241 1085 325 1144 sum,
357 1084 552 1145 quamquam
584 1083 622 1126 ea
653 1084 726 1128 cum
763 1086 889 1128 summa
921 1063 989 1127 eius
1026 1063 1129 1146 philo-

71 1177 98 1213 10
115 1150 234 1234 sophia
256 1150 347 1214 nullo
371 1149 468 1213 modo
492 1149 704 1233 congruebat,
729 1150 774 1216 sic
793 1151 935 1216 eiusdem
954 1155 1130 1216 testamen-

11 1245 15 1320 l
113 1242 188 1302 tum
211 1259 278 1302 non
301 1237 406 1300 solum
428 1257 450 1300 0
471 1236 659 1320 philosophi
682 1239 855 1322 gravitate,
884 1239 940 1304 sed
967 1240 1064 1304 etiam
1089 1241 1129 1304 ab

12 1333 13 1342 ’
113 1327 222 1410 ipsius
252 1324 412 1388 sententia
439 1321 544 1390 iudico
572 1324 763 1408 discrepare.
819 1325 956 1411 Scripsit
983 1328 1069 1392 enim
1098 1334 1130 1392 et

115 1414 239 1478 multis·
256 1433 352 1496 saepe
375 1412 483 1476 verbis
506 1415 540 1476 et
561 1413 703 1478 breviter
727 1417 900 1498 aperteque
924 1416 958 1479 in
976 1438 1014 1480 eo
1037 1416 1130 1500 libro,

116 1523 216 1586 quem
244 1501 341 1566 modo
368 1501 547 1584 nominavi,
574 1505 735 1566 mortem
756 1501 858 1565 nihil
886 1502 931 1566 ad
953 1525 1022 1568 nos
1044 1527 1129 1586 per—

11 1651 12 1668 ,
71 1616 100 1656 rs
116 1591 253 1654 tinere.
291 1587 397 1665 Quod
420 1590 518 1654 enim
542 1587 774 1654 dissolutum
797 1589 862 1666 sit,
884 1588 922 1652 id
940 1612 1023 1655 esse
1047 1593 1129 1655 sine

11 1671 12 1724 i
118 1699 247 1760 sensu,
275 1676 374 1761 quod
403 1679 529 1742 autem
559 1677 641 1741 sine
669 1699 782 1741 sensu
806 1677 870 1758 sit,
901 1677 938 1741 id
960 1677 1062 1741 nihil
1086 1679 1131 1741 ad

117 1788 189 1830 nos
213 1766 408 1848 pertinere
431 1764 595 1830 omnino.
632 1763 704 1830 Hoc
726 1765 832 1849 ipsum
851 1765 1030 1850 elegantius
1054 1767 1130 1848 poni

119 1854 299 1938 meliusque
322 1853 439 1937 potuit.
484 1851 570 1916 Nam
593 1853 679 1937 quod
706 1852 754 1917 ita
774 1853 919 1936 positum
943 1857 1004 1936 est,
1032 1855 1130 1936 quod
1240 1897 1241 1900 κ

120 1941 352 2006 dissolutum
376 1940 439 2024 sit,
462 1941 500 2005 id
525 1962 607 2006 esse
632 1941 715 2006 sine
738 1962 865 2024 sensu,
895 1940 928 2004 id
952 1941 1020 2006 eius
1044 1942 1131 2005 modi

77 2055 105 2094 ao
121 2034 184 2108 000,
216 2033 253 2094 ut
282 2051 349 2095 non
381 2029 462 2093 00010
493 2029 589 2112 plane
619 2029 719 2114 dicat,
751 2029 828 2114 quid
860 2029 903 2094 sit
931 2028 1130 2094 dissolutum.

121 2116 183 2183 Sed
201 2121 311 2181 tamen
333 2117 502 2202 intellego,
526 2117 601 2201 quid
618 2117 706 2182 velit.
743 2116 867 2192 Quaero
887 2120 1008 2201 autem,
1031 2118 1107 2202 quid
1132 2139 1181 2188 101

121 2207 178 2288 010,
210 2205 308 2289 quod,
340 2226 413 2269 cum
445 2205 669 2289 dissolutione,
705 2206 737 2269 id
777 2210 828 2271 est
863 2210 980 2290 morte,
1017 2227 1130 2270 sensus

122 2294 226 2359 omnis
255 2293 491 2377 exstinguatur,
520 2298 553 2358 et
579 2315 652 2358 cum
674 2293 790 2378 reliqui
812 2294 895 2358 nihil
924 2294 966 2358 sit
989 2295 1129 2376 omnino,

122 2382 207 2466 quod
225 2381 388 2464 pertineat
405 2381 446 2446 ad
463 2403 533 2464 1100,
554 2385 624 2444 00111
643 2385 789 2446 accurate
808 2385 939 2464 tamque
960 2380 1131 2465 diligenter
1211 2395 1213 2398 ’

80 2498 107 2537 01
122 2474 236 2536 caveat
259 2473 292 2533 et
315 2469 454 2552 sanciat,
477 2473 519 2534 ut
541 2469 851 2551 Amynomachus
876 2468 1130 2533 11οΤ1100010-

122 2557 373 2642 000,110101100
397 2558 469 2642 sui,
493 2557 536 2621 de
561 2555 788 2620 Hermarchi
808 2555 1004 2619 sententia
1027 2555 1131 2638 dent,

122 2644 222 2730 quod
239 2644 343 2710 ,00010
362 2645 414 2711 010
432 2644 477 2710 ad
500 2644 599 2709 diem
618 2644 806 2728 agendum
830 2643 1000 2709 natalem
1025 2665 1132 2709 suum

124 2733 333 2820 quotannis
356 2755 482 2798 mense
505 2732 741 2815 Gamelione,
763 2730 930 2820 itemque
954 2734 1130 2797 omnibus

122 2821 317 2888 mensibus
349 2822 533 2886 vicesimo
565 2821 625 2885 die
658 2821 770 2885 lunae
803 2819 893 2884 dent
925 2820 970 2884 ad
1002 2843 1130 2886 eorum

81 2939 109 2979 10
123 2911 271 2996 epulas,
294 2909 359 2993 qui
381 2932 454 2974 una
477 2931 602 2974 secum
625 2908 897 2992 philosophati
920 2909 1013 2992 sint,
1037 2913 1132 2973 utet

122 3001 183 3064 sui
214 3002 252 3063 00
278 2996 489 3063 Metrodori
516 2997 697 3065 memoria
723 2996 884 3062 colatur.
929 2995 1018 3060 Haec
1047 3017 1108 3082 ego
1134 3018 1186 3065 102

121 3111 188 3153 non
210 3108 342 3171 possum
365 3086 469 3150 dicere
486 3107 554 3152 non
574 3106 644 3150 esse
665 3084 807 3150 hominis
831 3085 976 3168 quamvis
1000 3088 1033 3148 et
1055 3085 1132 3148 belli

123 3181 157 3240 et
177 3175 324 3256 humani,
353 3175 509 3257 sapientis
532 3195 607 3238 vero
636 3173 726 3238 nullo
750 3173 860 3256 modo,
886 3171 1015 3255 physici
1042 3193 1131 3254 prae-

124 3265 247 3348 sertim,
279 3283 374 3347 quem
407 3284 440 3327 00
472 3263 528 3327 1110
561 3283 631 3326 0000
663 3261 748 3342 vult,
779 3263 895 3343 putare
927 3258 1030 3324 ullum
1062 3279 1132 3324 0000

83 3379 109 3420 11
124 3353 311 3436 cuiusquam
338 3350 423 3416 diem
448 3351 600 3416 natalem.
651 3348 756 3425 Quid?
783 3348 907 3412 idemne
931 3350 1132 3430 potestesse

122 3441 190 3506 dies
214 3439 359 3523 saepius,
381 3439 436 3523 qui
460 3439 559 3504 semel
581 3435 667 3501 fuit?
712 3433 806 3500 Certe
829 3456 895 3500 non
911 3437 1033 3518 potest.
1079 3435 1132 3500 An
1201 3495 1205 3502 .

123 3529 266 3594 eiusdem
298 3525 408 3592 modi?
457 3524 507 3591 Ne
534 3525 566 3589 id
590 3523 731 3608 quidem,
759 3522 822 3586 nisi
849 3522 951 3586 multa
974 3517 1133 3588 annorum

175 3641 229 3682 (lIG.
243 3641 284 3680 IV.
304 3642 322 3680 l.
938 3630 969 3677 ll
