2502 3960
326 224 397 278 ma
415 223 450 278 11.
479 222 556 278 cnr.
576 230 605 293 c,
626 229 666 281 ιο.
695 229 850 290 cni-ar.
1052 225 1095 290 35

14 377 15 384 ἵ
78 385 250 470 repudiari,
274 389 362 451 certe
385 385 449 450 hoc
466 386 583 470 ipsum,
607 408 646 451 ex
669 409 732 470 quo
753 409 847 452 omne
866 388 933 452 veri
956 388 1094 474 falsique

14 497 15 500 ¹
77 475 231 540 iudicium
266 479 366 558 esset,
397 476 562 560 percipere
596 497 650 540 eos
683 475 845 558 debuisse3
877 476 997 542 etenim
1030 477 1092 542 duo

14 629 15 632 ,
77 585 144 628 esse
171 562 255 628 haec
289 564 433 627 maxima
464 563 498 627 in
528 563 751 649 philosophia,
782 563 935 630 iudicium
966 567 1034 630 veri
1062 569 1095 630 et

77 653 171 716 linem
205 653 384 735 bonorum,
411 673 470 716 neo
500 653 678 736 sapientem
711 673 808 736 posse
838 673 921 736 esse,
950 653 1006 736 qui
1038 659 1094 719 aut

56 740 296 824 seognoseendi
320 743 419 822 [esse]
449 741 579 805 initium
602 741 731 825 ignoret
755 744 812 805 aut
834 745 1013 806 extremum
1043 761 1093 806 ex-

79 828 217 911 petendi,
241 832 288 913 ut,
312 832 370 894 aut
387 829 470 894 unde
491 829 728 913 proficiscatur,
752 832 808 895 aut
825 851 888 913 quo
906 831 1092 914 pervenien-

79 917 150 981 dum
176 915 230 1000 sit,
253 917 391 1000 nesciat3
413 917 493 982 haee
513 922 621 982 autem
641 918 761 982 habere
781 917 881 984 dubia
898 939 958 982 nec
980 918 1022 984 iis
1045 919 1093 983 ita

79 1005 248 1090 confidere,
266 1008 304 1069 ut
322 1005 446 1069 moveri
463 1028 529 1070 non
546 1007 683 1090 possint,
702 1006 876 1072 abhorrere
894 1029 914 1072 a
932 1007 1093 1091 sapientia

79 1094 264 1177 plurimum.
302 1093 375 1159 Hoc
398 1094 498 1178 igitur
521 1094 617 1160 modo
636 1095 746 1179 potius
766 1099 834 1160 erat
853 1095 894 1160 ab
913 1094 965 1160 his
983 1099 1093 1181 postu·

49 1213 68 1250 a
82 1182 223 1267 landum,
245 1184 284 1246 ut
301 1182 364 1247 hoo
382 1205 483 1248 unum
506 1184 631 1265 saltem,
653 1183 776 1267 percipi
793 1183 876 1250 nihil
894 1205 999 1269 posse,
1023 1207 1094 1269 per·

80 1276 206 1354 ceptum
245 1292 316 1335 esse
359 1271 510 1336 dicerent.
570 1269 634 1336 Sed
665 1271 704 1337 de
741 1273 961 1338 inconstantia
992 1274 1093 1340 totius

80 1359 210 1425 illorum
240 1359 435 1442 sententiae,
463 1360 490 1424 si
520 1361 587 1424 ulla
603 1361 778 1425 sententia
806 1362 995 1446 cuiusquam
1023 1384 1095 1428 esse

79 1451 186 1531 potest
208 1447 293 1512 nihil
317 1447 539 1533 adprobantis,
566 1449 621 1528 sit,
645 1454 682 1513 ut
705 1450 834 1534 opinor,
858 1450 980 1516 dictum
1004 1451 1093 1516 satis.

142 1534 297 1620 Sequitur
314 1537 494 1620 disputatio
517 1538 648 1622 copiosa
671 1537 728 1602 illa
750 1537 893 1622 quidem,
917 1539 973 1604 sed
995 1540 1093 1623 paulo

49 1650 70 1690 15
82 1626 259 1690 abstrusior
294 1624 409 1710 (habet
440 1627 527 1690 enim
561 1626 764 1709 aliquantum
801 1650 821 1691 a
851 1625 1025 1711 physicis),
1057 1631 1094 1692 ut

82 1735 203 1796 verear,
235 1734 276 1777 ne
308 1714 464 1779 maiorem
496 1714 620 1799 largiar
648 1715 691 1799 ei,
723 1715 778 1798 qui
806 1718 920 1779 contra
950 1716 1093 1780 dicturus

81 1805 135 1880 est,
158 1802 347 1866 libertatem
366 1806 399 1866 et
422 1801 596 1868 licentiam.
631 1801 717 1869 Nam
741 1802 817 1887 quid
837 1825 910 1866 eum
933 1803 1094 1868 facturum

79 1894 186 1974 putem
211 1891 252 1955 de
271 1891 391 1955 abditis
411 1891 507 1956 rebus
529 1895 562 1955 et
581 1892 741 1977 obscuris,
763 1892 818 1976 qui
840 1890 945 1956 lucem
968 1891 1092 1976 eripere

80 1979 235 2044 conetur?
295 1977 357 2043 Sed
393 1979 555 2062 disputari
591 1983 722 2063 poterat
758 1979 934 2064 subtiliter,
972 1986 1093 2064 quanto

48 2069 169 2151 aequasi
198 2067 337 2132 artificio
365 2071 483 2132 natura
511 2068 672 2133 fabricata
695 2071 781 2132 esset
809 2068 949 2152 primum
973 2071 1094 2136 animal

81 2178 187 2241 omne,
220 2156 336 2220 deinde
368 2155 534 2221 hominem
566 2157 719 2235 maxime,
754 2179 835 2241 quae
868 2158 916 2221 vis
946 2162 1033 2223 esset
1059 2161 1094 2223 in

81 2246 363 2328 sensibus,¹quem
390 2245 431 2308 ad
458 2244 589 2309 modum
615 2245 721 2329 primo
745 2245 815 2309 visa
836 2267 896 2310 nos
922 2245 1092 2330 pellerent,

81 2333 190 2398 deinde
228 2333 387 2416 adpetitio
421 2333 461 2396 ab
499 2332 550 2398 his
587 2333 682 2417 pulsa
714 2337 913 2417 sequeretur,
950 2338 1020 2399 tum
1056 2341 1093 2398 ut

82 2443 189 2486 sensus
214 2421 256 2486 ad
278 2442 331 2486 res
353 2421 575 2505 percipiendas
599 2421 846 2487 intenderemus.
891 2421 983 2486 Mens
1007 2424 1092 2488 enim

51 2511 165 2594 aipsa,
192 2531 276 2594 quae
299 2531 451 2574 sensuum
474 2509 547 2574 fons
571 2513 622 2574 est
644 2514 740 2594 atque
759 2510 862 2576 etiam
883 2510 957 2593 ipsa
980 2533 1092 2576 sensus

83 2602 141 2684 est,
162 2599 347 2664 naturalem
370 2599 438 2664 vim
460 2598 572 2682 habet,
603 2609 702 2682 quam'
722 2597 863 2663 intendit
886 2598 927 2662 ad
949 2621 1000 2683 ea,
1024 2601 1091 2684 qui-

14 2693 15 2700 ’
83 2687 138 2751 hus
157 2690 314 2753 movetur.
348 2684 462 2770 Itaque
482 2687 547 2752 alia
565 2688 636 2752 visa
654 2688 700 2751 sic
719 2687 843 2771 arripit,
861 2690 898 2751 ut
920 2687 961 2752 iis
980 2689 1092 2754 statim

83 2780 200 2861 utatur,
224 2776 290 2840 alia
312 2775 405 2860 quasi
427 2775 587 2859 recondit,
616 2798 633 2840 e
662 2775 778 2859 quibus
802 2777 959 2841 memoria
982 2779 1091 2843 oritur.

84 2862 193 2930 Cetera
229 2868 340 2929 autem
376 2863 642 2928 similitudinibus
679 2865 854 2948 construit,
896 2887 935 2930 ex
975 2867 1091 2950 quibus
1166 2903 1168 2908 ·

53 2977 73 3017 a
85 2953 264 3018 efficiuntur
285 2951 422 3018 notitiae
445 2974 567 3035 rerum,
597 2975 677 3037 quas
705 2951 819 3017 Graeci
846 2957 916 3018 tum
947 2953 1091 3036 ἐννοίας,

84 3045 148 3106 tum
169 3037 354 3126 προλήψεις
376 3045 503 3106 vocant.
551 3041 601 3105 Eo
625 3063 697 3106 cum
720 3042 857 3106 accessit
886 3043 971 3108 ratio
997 3053 1110 3126 argu-⁸

85 3132 244 3216 mentique
277 3129 438 3196 conclusio
473 3151 642 3214 rerumque
671 3129 954 3196 innumerabilium
983 3131 1091 3194 multi-

85 3220 170 3303 tude,
196 3223 267 3284 tum
294 3223 328 3284 et
359 3218 523 3304 perceptio
556 3240 667 3284 eorum
700 3219 845 3284 omnium
878 3223 1025 3302 apparet,
1058 3223 1091 3283 et

86 3308 191 3373 eadem
213 3307 299 3373 ratio
323 3308 466 3390 perfecta
488 3308 539 3372 his
564 3307 719 3392 gradibus
743 3307 784 3372 ad
802 3306 995 3390 sapientiam
1018 3328 1090 3390 per-

58 3397 177 3461 avenit.
225 3395 278 3460 Ad
304 3417 411 3460 rerum
438 3396 539 3480 igitur
567 3395 736 3460 scientiam
764 3396 911 3478 vitaeque
938 3400 1088 3460 constan·
1108 3417 1139 3465 31

87 3484 160 3548 tiam
190 3483 361 3569 aptissima
392 3505 465 3548 cum
497 3483 541 3548 sit
572 3504 663 3547 mens
695 3484 851 3566 hominis,
884 3482 1090 3567 amplectitur

1105 1511 1146 1636 a

89 3573 219 3639 maxime
247 3573 463 3657 cognitionem
492 3575 524 3636 et
551 3571 650 3636 istam
677 3568 879 3652 retollatur,
912 3593 1022 3656 quam,
1052 3578 1088 3636 ut

892 3678 907 3724 3
913 3673 927 3705 ’t
