2552 3966
355 223 422 278 ιιΒ.
441 221 475 278 ιι.
505 221 582 277 οΑΡ.
603 229 689 278 ι-ι,
717 229 873 290 ιιι-ιι.
1079 223 1122 287 33

100 407 208 452 causa
234 385 363 449 nullum
391 384 587 470 supplicium
616 389 756 471 recuset,
785 387 851 452 nisi
877 387 918 452 iis
945 388 1041 453 rebus
1067 386 1120 452 ad-

103 495 223 539 sensus
251 475 308 558 sit,
340 494 421 558 quae
448 474 549 539 falsae
578 495 736 541 essenon
763 476 901 560 possint.
945 474 1023 560 Ipsa
1045 497 1120 542 vero
1140 485 1176 534 24

105 563 270 647 sapientia
303 561 331 627 si
363 583 397 626 se
428 563 605 648 ignorabit,
642 563 802 648 sapientia
834 564 878 629 sit
908 585 1021 642 necne,
1057 587 1120 650 quo

105 652 206 717 modo
224 651 366 734 primum
385 650 548 716 obtinebit
565 673 683 716 nomen
702 652 903 737 sapientiae?
925 653 1039 717 deinde
1058 675 1120 738 quo

72 766 87 806 ι
105 741 205 805 modo
221 739 384 824 suscipere
403 739 545 824 aliquam
563 761 632 805 rem
646 745 703 806 aut
718 762 812 826 agere
830 741 967 807 fidenter
982 741 1121 824 audebit,
1154 807 1161 820 ,

107 851 182 893 eum
206 829 287 892 certi
308 827 390 892 nihil
413 829 488 907 erit,
518 829 807 914 quodsequatur?
835 851 908 894 cum
932 851 1006 895 vero
1030 830 1121 894 dubi·

107 917 209 1002 tabit,
237 916 314 1000 quid
337 917 380 981 sit
402 919 581 982 extremum
605 921 638 982 et
660 918 812 982 ultimum
835 919 1007 1001 bonorum,
1029 919 1121 1004 igno-

106 1027 196 1090 rans,
214 1027 278 1090 quo
298 1005 407 1071 omnia
421 1005 612 1090 referantur,
634 1007 690 1091 qui
708 1006 830 1092 poterit
848 1029 919 1072 esse
938 1007 1121 1092 sapientia?
1171 1035 1175 1042 ·

108 1093 219 1179 Atque
248 1093 347 1158 etiarn
374 1093 455 1159 illud
482 1095 687 1179 perspicuum
715 1099 777 1179 cst,
807 1096 960 1161 constitui
992 1117 1122 1160 necesse

63 1209 93 1247 ro
109 1205 181 1249 csse
204 1183 342 1265 initium,
365 1182 451 1267 quod
472 1183 641 1268 sapientia,
665 1205 738 1249 oum
762 1185 838 1269 quid
860 1184 956 1269 agere
978 1185 1122 1268 incipiat,

109 1274 278 1356 sequatur,
306 1271 401 1355 idque
423 1271 554 1338 initium
582 1294 651 1338 esse
673 1276 808 1337 naturae
835 1273 1122 1339 accommodatum.

108 1359 197 1425 Nam
216 1359 312 1424 aliter
330 1355 488 1443 adpetitio
509 1359 595 1447 (earn
619 1362 705 1425 enirn
727 1362 876 1426 volumus
894 1383 963 1426 csse
987 1356 1121 1447 ὁρμήν),

109 1471 174 1534 qua
203 1448 244 1512 ad
274 1448 433 1533 agendum
460 1449 668 1534 impellimur¹
686 1452 719 1514 ct
746 1449 779 1515 id
811 1451 1007 1534 adpetimus,
1036 1450 1122 1534 quod

109 1541 159 1603 est
191 1537 311 1621 visum,
344 1537 468 1602 moveri
496 1560 563 1604 non
593 1542 710 1622 potest.
763 1537 850 1602 Illud
882 1543 1003 1621 autem,
1035 1538 1121 1622 quod
1141 1553 1176 1602 ιι

66 1651 94 1690 ιι
109 1629 234 1704 movet,
265 1625 355 1710 prius
388 1629 518 1710 oportet
549 1627 652 1691 videri
680 1628 772 1711 eiquo
805 1626 906 1711 oredi3
940 1627 1024 1711 quod
1051 1628 1123 1692 fieri

108 1737 176 1780 non
196 1716 313 1798 potest,
333 1714 362 1778 si
379 1713 421 1798 id,
440 1714 523 1799 quod
542 1715 647 1780 visum
667 1716 737 1798 erit,
760 1714 901 1780 discerni
918 1737 985 1780 non
1003 1717 1123 1800 poterit

110 1802 243 1868 afalso.
288 1801 358 1879 Quo
386 1804 481 1868 modo
515 1806 622 1869 autem
650 1803 774 1869 moveri
804 1804 929 1868 animus
958 1804 998 1868 ad
1026 1803 1122 1887 adpe-

108 1891 243 1956 tendum
270 1894 329 1975 pot
331 1894 395 1973 est,
433 1891 461 1956 si
489 1891 535 1976 id,
565 1892 651 1994 quqd
676 1892 765 1956 videt
751 1896 816 1976 t,ur
847 1914 913 1957 non
944 1892 1123 1976 percipitur
1168 1933 1170 1940 ι

110 1939 432 2045 ιιιοιιιιιιοιιιιιιιιιιιο
445 1985 581 2046 naturae
601 1980 644 2046 sit
662 2003 705 2045 an
719 1981 884 2046 alienum?
910 1980 1112 2066 Itemque,
1086 2003 1122 2065 ιι,

68 2093 97 2134 ιο
110 2063 190 2153 quid
209 2067 310 2134 officii
329 2069 377 2133 sui
402 2068 458 2154 sit,
480 2091 547 2134 non
565 2070 705 2134 occurrit
722 2070 844 2154 animo,
867 2070 949 2134 nihil
968 2092 1121 2154 umquam

111 2157 245 2223 omnino
264 2161 348 2242 aget,
366 2158 407 2222 ad
425 2157 550 2222 nullam
563 2179 631 2222 rem
647 2180 799 2243 umquam
817 2159 1013 2243 impelletur,
1030 2181 1122 2223 num-

110 2269 209 2330 quam
241 2245 386 2311 movebit
371 2249 433 2310 tur.
487 2246 608 2322 Quodsi
640 2246 761 2331 aliquid
789 2247 962 2332 aliquando
993 2269 1029 2312 ac
1031 2250 1121 2311 turus

111 2338 177 2418 est,
208 2355 338 2400 necesse
371 2338 421 2400 est
453 2335 485 2398 id
513 2335 543 2398 ei
569 2357 693 2418 verum,
722 2336 805 2420 quod
833 2335 984 2419 occurrit,
1012 2336 1122 2400 videri.

111 2423 210 2505 Quid,
238 2422 336 2507 quod,
369 2423 397 2488 si
427 2423 492 2487 ista
518 2444 596 2488 vera
626 2427 713 2506 sunt,
740 2423 825 2488 ratio
859 2425 963 2489 omnis
996 2424 1123 2488 tollitur
1141 2439 1176 2487 aa

70 2537 97 2578 ιι
111 2512 207 2596 quasi
235 2511 394 2595 quaedam
420 2511 477 2576 lux
499 2513 670 2596 lumenque
692 2513 804 2576 vitae?
826 2516 978 2577 tamenne
1001 2512 1037 2576 in
1058 2513 1123 2577 ista

110 2600 274 2684 pravitate
305 2600 515 2684 perstabitis?
560 2599 646 2664 Nam
678 2600 850 2684 quaerendi
878 2601 1008 2666 initium
1037 2603 1122 2666 ratio

8 2691 10 2698 '
111 2689 236 2772 attulit,
263 2709 344 2772 quae
371 2689 508 2772 perfecit
529 2689 697 2773 virtutem,
725 2712 798 2754 eum
824 2693 910 2754 esset
936 2690 1009 2774 ipsa
1037 2691 1122 2754 ratio

111 2777 305 2843 confirmata
332 2778 523 2861 quaerendo.
568 2777 723 2853 Quaestio
752 2783 861 2842 autem
888 2781 938 2843 est
965 2779 1122 2863 adpetitio

111 2865 309 2951 cognitionis
340 2866 601 2950 quaestionisque
637 2867 712 2932 finis
744 2867 900 2932 inventio.
954 2867 999 2932 At
1027 2889 1122 2932 nemo

72 2981 98 3022 co
113 2953 240 3020 invenit
258 2953 355 3038 falsa,
373 2975 433 3019 nec
453 2977 503 3038 ea,
526 2977 608 3040 quae
626 2955 750 3020 incerta
768 2958 972 3040 permanent,
991 2956 1124 3021 inventa

113 3063 182 3108 esse
204 3043 431 3126 possunt‚‚·sed
451 3063 523 3108 curn
541 3065 588 3123 ea,
611 3065 693 3128 quae
711 3045 803 3128 quasi
823 3045 968 3110 involuta
984 3044 1123 3128 fuerunt,

114 3132 228 3216 aperta
260 3134 347 3215 sunt,
375 3134 444 3196 tum
471 3132 603 3197 inventa
630 3133 788 3198 dicuntur.
843 3131 896 3198 Sic
928 3133 1002 3197 et
992 3133 1123 3198 mitium

113 3218 452 3306 quaerendieteexitus
466 3220 972 3332 percipiundietcomprendendi
985 3224 1123 3286 tenetur

113 3307 311 3392 Argumenti
333 3309 511 3393 conclusio,
535 3331 617 3393 quae
641 3313 690 3374 est
675 3307 839 3374 tGraeoe
867 3305 1124 3393 caecatique

73 3423 99 3464 ιι
114 3395 277 3462 definitur.
319 3395 450 3481 Ἱιιιιο,
484 3419 566 3481 quae
603 3419 641 3462 ex
680 3399 777 3464 rebus
809 3398 970 3482 perceptis
1007 3398 1048 3462 ad
1082 3398 1122 3482 id,

113 3485 199 3571 quod
223 3506 287 3550 non
310 3485 562 3570 percipiebatur,
586 3483 740 3550 adducit’

188 3573 311 3650 Quodsi
351 3574 462 3639 omnia
501 3574 572 3639 risa
613 3574 682 3638 eius
723 3571 811 3639 modi
853 3577 978 3657 essent,
1015 3545 1168 3659 qualia9
1142 3621 1177 3670 Ἡ

166 3685 222 3728 cro.
237 3685 277 3726 ιι.
298 3687 317 3729 ι
790 3698 792 3702 r
946 3683 962 3730 3
