2544 3952
86 211 87 216 l
125 151 192 214 424
320 152 618 214 rusoutrmaun
638 151 940 210 omrurrmonun

127 313 219 397 quasi
237 314 378 384 radicem
401 315 560 384 malorum
584 314 728 380 omnium
756 314 902 398 stirpitus
928 313 1142 398 philosophia

72 413 108 462 84
127 423 161 466 ee
194 405 412 472 extracturam
443 402 624 486 pollicetur.
684 403 806 468 Demus
837 402 941 486 igitur
969 412 1040 468 nos·
1060 402 1138 467 huic

127 490 316 556 excolendos
344 491 568 574 patiamurque
596 512 656 556 nos
679 491 796 560 sanam.
840 489 902 556 Hie
930 490 1017 556 enim
1039 491 1137 555 malis

125 578 340 646 insidentibus
358 600 424 645 non
442 579 539 647 modo
561 579 663 661 beati,
687 579 743 644 sed
760 600 804 644 ne
822 579 895 644 sani
916 577 1046 661 quide-m
1065 599 1136 642 esee
1266 655 1267 666 χ

126 687 307 749 possumus.
342 666 411 732 Aut
428 667 531 751 igitur
548 688 702 752 negemus
721 667 896 752 quicquam
912 667 1039 732 ratione
1058 687 1166 733 con-⁵
1266 677 1267 716 ³

126 753 192 837 fici,
220 757 292 822 cum
320 757 433 824 conte
459 754 546 820 nihil
566 756 636 822 sine
663 755 790 821 ratione
813 758 898 820 recte
928 754 999 820 fieri
1021 753 1138 837 possit,
1266 755 1267 758 ’

127 845 197 923 aut,
219 863 291 908 cum
312 842 522 926 philosophia
545 843 767 910 curationum
791 842 975 909 conlatione
1001 844 1138 925 constet,

127 931 169 994 ab
192 951 242 1012 eo,
271 931 299 998 si
325 934 358 998 et
384 930 465 1000 boni
492 935 524 996 et
550 931 639 998 boati
661 931 808 998 volumus
837 951 920 1014 esee,
950 930 1061 998 omnia
1082 929 1137 993 ad-

125 1017 269 1084 iumento
292 1021 325 1084 et
347 1019 467 1088 auxilio
488 1022 637 1102 petamus
660 1019 741 1086 bene
763 1019 921 1102 beateque
944 1018 1081 1082 vivendi.

524 1241 735 1250 -———.-—...—

373 1425 421 1500 M.
451 1423 612 1502 TULLII
639 1425 887 1500 CICERONIS

193 1587 616 1676 ruchtANnRUM
648 1587 1075 1678 DISPUTATIONUM

491 1735 540 1792 AD
560 1733 597 1788 Μ.
615 1735 770 1792 BRUTUM

468 1865 590 1926 mann
613 1865 804 1944 omarus,

127 1985 205 2062 QUI
227 1982 372 2050 Docet
394 1981 623 2054 VIRTUTEM
643 1983 704 2053 AD
727 1984 873 2052 ΒΕΑΤΕ
896 1930 1141 2052 uvantum

330 2087 381 2154 SE
404 2088 503 2154 IPSA
524 2087 636 2156 Essa
656 2087 935 2156 ΘΟΝΤΕΝΤΑΜ.

454 2323 808 2388 Antunnacum

197 2439 259 2494 Hoc
272 2438 344 2498 libro¹
360 2438 451 2508 quinti
465 2439 522 2497 diei
536 2439 690 2510 disputatio
705 2441 884 2508 annueres.
896 2457 952 2508 qua
969 2441 1141 2496 virtutem

127 2509 168 2562 ad
181 2509 281 2564 beate
295 2510 477 2567 uiuendum
491 2527 525 2567 ae
539 2511 701 2582 ipsaeese
715 2513 910 2566 contentam
921 2511 1138 2568 demonstratur.

126 2580 168 2634 Ao
185 2579 307 2650 primum
326 2580 439 2648 quidem
457 2581 721 2638 mathematicorum
739 2599 816 2638 more
831 2580 926 2639 Cicero
946 2597 980 2635 ex
996 2581 1047 2650 iis„
1064 2599 1139 2650 quac

127 2652 192 2704 ante
225 2649 368 2720 disputata
395 2653 488 2720 erant,
515 2651 639 2706 breviter
666 2652 777 2706 conficit
803 2652 849 2721 id,
877 2651 953 2720 quod
980 2652 1137 2720 quaeritnr;

127 2721 228 2775 deinde
247 2721 284 2774 acl
301 2721 533 2791 philosophorum
550 2723 666 2778 modum
683 2722 725 2776 ita
744 2723 780 2776 de
792 2723 845 2776 hac
860 2721 1023 2790 quaestione
1043 2722 1139 2792 dispu-

125 2794 182 2858 tat,
209 2793 354 2858 tamquam
382 2791 571 2861 superioribus
598 2793 697 2849 dicbus
723 2792 795 2848 nihil
817 2791 854 2846 sit
877 2793 1046 2862 disputando
1073 2809 1138 2848 con-

125 2861 238 2917 fectum.
285 2861 358 2916 Nam
385 2861 507 2932 primum
530 2863 667 2932 ostendit,
693 2862 718 2916 si
741 2862 851 2934 sapiens
875 2862 1004 2920 omnibus
1028 2865 1140 2934 pertur-

126 2931 288 2986 bationibus
312 2932 385 2987 liber
409 2933 458 3002 sit,
482 2951 540 2988 non
561 2950 643 3003 posse
666 2950 724 2989 non
745 2933 860 2989 beatum
883 2933 1040 3002 sapientem
1067 2950 1138 3002 esse,

127 3003 215 3071 qnod,
245 3002 293 3071 qni
317 3002 346 3056 in
369 3003 425 3058 illis
447 3003 513 3072 sint,
545 3005 640 3059 miseri
667 3004 723 3058 sint
744 3003 910 3060 necessario.
956 3003 1047 3069 Quare
1073 3021 1139 3061 cunr

125 3073 216 3128 virtus
233 3074 493 3144 perturbationibus
505 3075 571 3130 sola
587 3075 702 3143 liberet,
720 3075 854 3130 virtutem
872 3073 1031 3128 necessario
1047 3075 1139 3128 solam

125 3143 240 3198 beatum
266 3145 409 3200 hominem
436 3145 547 3200 efficere
575 3148 646 3216 (cap.
676 3147 773 3214 1-c).
816 3146 850 3200 In
874 3161 929 3213 qno
956 3145 1143 3213 reprehendit

125 3217 250 3270 veterem
268 3215 500 3288 Academicorum
514 3217 548 3270 et
565 3215 816 3286 Peripateticorum
834 3214 1066 3284 inconstantiam,
1090 3216 1140 3285 qni

126 3303 189 3340 cum
216 3285 272 3340 tria
299 3301 403 3356 genera
430 3285 567 3340 bonorum
592 3286 737 3352 fecissent,
766 3287 855 3340 solam
881 3289 978 3342 tamen
1003 3285 1141 3342 virtutem

4 3377 6 3380 ·
125 3355 247 3410 dixerint
266 3356 334 3410 satis
352 3356 382 3410 in
401 3371 430 3410 se
448 3356 567 3425 habere,
586 3357 610 3412 si
628 3373 685 3411 non
703 3357 740 3412 ad
757 3355 965 3426 beatissimam,
986 3357 1083 3412 temen
1100 3357 1139 3411 ad

5 3453 6 3502 p
124 3427 239 3481 beatam
261 3425 351 3508 vitam
374 3427 446 3496 (cap.
466 3429 587 3552 7-pr
629 3427 739 3482 Deinde
761 3428 857 3481 multis
881 3443 944 3481 cnm
967 3427 1140 3498 argumentis

5 3503 7 3563 l
123 3498 185 3552 tum
199 3497 334 3566 exemplis
348 3497 493 3550 hominnm
503 3499 574 3552 etur
588 3497 711 3552 iocorum
726 3500 755 3552 et
763 3498 874 3553 virtutis
888 3497 974 3554 laude
985 3498 1138 3554 illustrium
