2564 3950
172 198 235 264 186
332 198 381 250 DE
399 196 544 251 FINIBUS
562 196 743 251 BONORUM
761 197 809 250 ET
827 196 1011 251 MALORUM

169 381 268 446 quam
285 359 481 440 illa‘rnedia,
504 379 586 442 quae
604 379 643 421 ex
665 379 703 422 eo
722 361 959 440 comparentur.
996 354 1178 422 Stultitiam

169 451 277 512 autem
296 451 330 512 et
350 447 562 512 timiditatem
581 449 614 509 et
631 445 824 509 iniustitiam
842 448 875 508 et
893 445 1179 529 intemperantiam

170 557 243 601 oum
271 536 407 600 dicimus
435 555 506 598 esse
534 532 688 617 fugienda
710 537 843 616 propter
865 553 919 596 eas
942 554 1008 615 res,
1035 554 1117 616 quae
1140 554 1179 598 ex

169 624 250 708 ipsis
278 624 441 706 eveniant,
470 643 536 686 non
563 622 611 685 ita
640 620 790 697 dicimus,
820 623 858 684 ut
886 641 959 684 cunr
988 621 1060 703 illo,
1092 622 1179 704 qaod

169 712 313 796 positum
341 714 402 793 est,
431 710 536 774 solum
565 708 598 772 id
626 729 696 772 esse
723 709 858 792 malum,
888 708 975 792 quod
1003 712 1097 792 turpe
1125 710 1204 791 sits

169 800 250 864 haec
271 819 415 884 pugnare
438 797 585 862 videatur
605 796 724 874 oratio,
746 800 919 880 propterea
941 796 1026 879 quod
1050 818 1089 862 ea
1110 817 1178 860 non

170 888 212 952 ad
238 887 384 970 corporis
411 884 649 950 incommodum
678 883 873 967 referuntur,
905 884 962 948 sed
994 883 1035 948 ad
1066 887 1177 967 turpes

171 976 327 1053 actiones,
354 995 436 1058 quae
463 973 611 1038 oriuntur
637 993 655 1035 e
682 972 779 1036 vitiis.
829 971 916 1048 Quas
945 972 1031 1036 enirn
1062 974 1179 1047 κακίας

171 1062 286 1128 Graeci
317 1061 495 1146 appellant,
525 1060 625 1125 vitia
656 1060 741 1124 malo
774 1081 873 1143 quam
908 1059 1084 1124 malitias
1120 1081 1178 1125 no·

112 1222 161 1346 {⁰2
171 1172 303 1303 mulir?
316 1240 367 1314 tu,
401 1236 545 1319 inquam,
581 1233 676 1318 Cato,
712 1235 820 1300 verbis
850 1235 1032 1300 illustribus
1064 1239 1098 1300 et
1133 1235 1178 1318 id,
1192 1175 1218 1212 w

170 1325 342 1409 quodvis,
364 1323 617 1389 declarantibus!
666 1322 782 1406 Itaque
808 1323 891 1388 mihi
917 1323 1037 1387 videris
1059 1322 1178 1388 Latine

169 1414 283 1478 docere
305 1410 547 1496 philosophiam
569 1413 602 1474 st
625 1410 655 1474 ei
678 1411 770 1495 quasi
794 1411 959 1476 civitatem
982 1411 1071 1496 dare;
1095 1432 1177 1494 quas

170 1502 298 1584 quidem
317 1500 421 1566 adhuc
438 1498 639 1584 peregrinari
655 1497 780 1563 Romae
800 1499 969 1564 videbatur
985 1519 1045 1562 nso
1063 1499 1178 1563 offerre

171 1611 241 1654 sese
259 1589 379 1654 nostris
398 1587 613 1688 sermonibus,
636 1590 669 1651 et
690 1586 754 1651 ista
772 1587 912 1652 maxime
930 1591 1063 1670 propter
1085 1587 1178 1651 lima-
1193 1611 1218 1652 rs

170 1681 240 1742 tam
262 1677 424 1762 quandam
443 1679 601 1740 atrorum
622 1677 656 1740 et
672 1674 843 1739 verborum
865 1674 1067 1740 tenuitatem.
1104 1673 1177 1740 Soio

170 1766 257 1830 enim
284 1787 355 1830 esse
382 1764 552 1850 quosdam,
582 1763 637 1846 qui
665 1763 778 1846 quavis
809 1762 922 1847 lingua
953 1761 1178 1846 philosophari

170 1854 310 1936 possint3
333 1852 434 1917 nullis
453 1852 540 1916 enim
557 1850 801 1934 partitionibus,
819 1851 917 1915 nullis
935 1850 1177 1914 definitionibus

170 1945 305 2005 utuntur
335 1940 462 2023 ipsique
492 1937 602 2002 dicunt
631 1959 669 2002 ea
697 1959 731 2002 se
757 1937 854 2004 modo
881 1939 1033 2022 probaro,
1062 1939 1177 2022 quibus
1246 1943 1253 1962 '

169 2033 288 2092 natura
318 2028 418 2092 tacita
442 2026 653 2090 assentiatur.
705 2025 819 2110 ltaque
850 2026 885 2091 in
916 2026 1013 2090 rebus
1045 2026 1177 2092 minime
1190 2053 1216 2092 ro

171 2115 315 2180 obscuris
342 2135 409 2179 non
437 2113 558 2177 multus
586 2116 636 2178 est
663 2114 748 2198 apud
779 2135 835 2178 eos
868 2113 1044 2178 disserendi
1076 2114 1178 2179 labor.

171 2203 278 2279 Quare
305 2201 437 2268 attendo
463 2204 498 2264 te
526 2199 669 2265 studioso
692 2203 741 2284 et,
768 2223 985 2285 quaecumque
1007 2202 1104 2267 rebus
1126 2203 1178 2286 iis,

169 2291 209 2355 de
232 2290 348 2374 quibus
371 2289 425 2353 hio
447 2309 553 2353 sermo
577 2293 639 2372 est,
666 2289 800 2354 nomina
822 2290 976 2373 imponis,
1003 2290 1178 2355 memoriae

170 2378 298 2444 mando.
356 2376 438 2441 Mihi
470 2377 556 2442 enim
593 2377 655 2442 erit
694 2377 795 2441 isdem
831 2377 904 2442 istis
941 2377 1080 2442 fortasse
1112 2379 1178 2442 iam

172 2466 336 2533 utendum.
386 2464 572 2530 Virtutibus
603 2465 707 2549 igitur
737 2465 917 2530 rectissima
948 2465 1027 2529 mihi
1058 2465 1177 2531 videris
1191 2491 1216 2532 rs

171 2559 205 2620 et
227 2555 268 2619 ad
291 2554 553 2621 consuetudinem
576 2557 708 2618 nostrae
737 2552 894 2619 orationis
920 2553 1002 2618 vitia
1031 2554 1178 2637 posuisse

171 2643 341 2708 contraria.
388 2641 482 2718 Quod
505 2641 590 2705 enim
613 2640 827 2724 vituperabile
850 2645 901 2706 ast
924 2663 983 2725 per
1005 2661 1039 2706 se
1062 2641 1178 2726 ipsum,

169 2729 203 2792 id
226 2750 264 2792 eo
285 2731 357 2813 ipso
380 2729 495 2793 vitium
517 2728 722 2793 nominatum
744 2732 839 2812 puto,
861 2729 913 2793 vel
932 2730 1030 2794 etiam
1054 2751 1074 2793 a
1095 2731 1177 2795 vitio

170 2816 293 2880 dictum
315 2816 509 2898 nuper-ari>
546 2814 604 2880 Sin
623 2819 743 2880 κακίαν
770 2817 930 2881 malitiam
958 2817 1108 2900 dixisses,
1137 2817 1177 2881 ad

171 2903 260 2968 uliud
292 2924 352 2968 nos
390 2925 489 2968 unum
527 2907 650 2967 certum
681 2904 797 2968 vitium
829 2904 1024 2970 consuetudo
1060 2904 1216 2971 Latinaso

169 2991 362 3056 traduceret.
411 2989 504 3056 Nunc
532 2991 621 3055 omni
647 2991 761 3056 virtuti
788 2992 903 3056 vitium
930 2993 1091 3056 contrario
1121 3015 1176 3058 no

111 3103 150 3148 41
171 3081 256 3144 mine
288 3077 471 3162 opponitur.
524 3077 607 3142 Tum
639 3079 709 3142 ille:
740 3078 802 3143 His
838 3080 940 3164 igitur
974 3081 1021 3144 ita
1052 3081 1178 3166 positis,

170 3167 287 3252 inquit,
315 3166 461 3250 sequitur
487 3186 607 3249 magna
635 3168 813 3250 contentio,
837 3189 932 3250 quam
959 3170 1136 3232 tractatam
1159 3191 1178 3232 a
1271 3245 1272 3252 ἵ

170 3254 394 3338 Peripateticis
422 3253 553 3318 mollius
578 3289 619 3300 -
644 3251 708 3338 (est
730 3255 817 3318 enim
844 3275 957 3320 eorum
980 3257 1177 3323 consuetudo
1269 3259 1272 3336 l

169 3343 297 3407 dicendi
324 3361 392 3411 non
423 3342 502 3405 satis
534 3343 629 3405 acuta
655 3346 787 3425 propter
813 3343 1052 3427 ignorationem
1080 3345 1177 3409 diale-
1191 3369 1216 3411 rs

170 3428 285 3514 eticae)
309 3427 490 3494 Carneades
512 3431 588 3492 tuus
621 3431 752 3513 egregia
784 3429 922 3513 quadarn
949 3432 1178 3496 exercitatione

169 3514 204 3578 in
225 3517 400 3582 dialecticis
428 3537 617 3600 summaque
645 3515 830 3600 eloquentia
856 3539 927 3582 rem
953 3519 987 3582 in
1016 3541 1178 3585 summurn
