2538 3956
167 225 236 290 404
366 223 663 287 TUSCULANARUM
680 221 983 279 DISPUTATIONUM

169 387 427 471 ‘voluptatem
452 386 569 451 animi
587 384 743 451 nimiam
763 406 944 449 summum
968 405 1054 449 esse
1077 405 1184 450 erro·
1254 405 1259 440 ι·

168 473 262 540 rem'
287 475 473 540 arbitratur.
518 474 640 539 Eorum
663 474 764 558 igitur
787 474 946 538 malorum
970 474 1005 537 in
1027 495 1095 537 una
1119 473 1183 538 rir-

168 567 239 628 tute
261 564 369 647 posita
389 563 515 627 sanatio
539 566 596 627 est.
1171 593 1183 602 ·

117 657 159 723 16
236 651 320 728 Quid
347 655 455 715 autem
483 653 624 717 estnon
651 649 801 715 miserius
825 650 943 733 solum,
973 649 1029 713 sed
1051 648 1181 714 foedius

169 740 268 804 etiam
282 743 314 804 et
333 739 506 804 deformius
524 760 621 822 quam
638 738 838 822 aegritudine
857 738 929 822 quis
948 737 1108 815 adflictus,
1128 737 1208 802 des

169 827 332 911 bilitatus,
355 827 486 892 iacens?
530 823 591 891 Cui
613 825 763 891 miseriae
786 846 960 910 proxumus
984 829 1034 888 est
1056 825 1100 908 is,
1125 826 1180 909 qui
1264 825 1265 878 l

170 916 432 1000 adpropinquans
460 914 592 1000 aliquod
619 915 740 979 malum
767 913 883 978 metuit
913 913 1180 997 exanimatusque
1258 893 1265 1042 ‘q

168 1004 288 1087 pendet
315 1004 422 1068 animi.
477 1002 581 1078 Quam
607 1003 673 1067 vim
700 1002 779 1066 mali
812 1002 1032 1086 significantes
1062 1005 1180 1086 poetae
1264 1045 1265 1048 κ

168 1091 353 1176 impendere
376 1090 462 1175 apud
485 1091 608 1155 inferos
631 1111 744 1155 saxum
767 1089 906 1154 Tantalo
928 1089 1052 1154 faciunt

213 1199 268 1279 Ob
288 1212 437 1280 seelera
455 1212 649 1297 animique
669 1209 928 1297 inpotentiam
950 1214 987 1276 et
1003 1213 1180 1296 superbi-

833 1299 1085 1386 loquentiam.
1122 1373 1125 1386 ,
1194 1325 1221 1365 ro

168 1442 219 1509 lla
246 1443 425 1508 eommunis
454 1463 558 1526 poena
590 1442 749 1508 stultitiae
782 1445 840 1508 est.
894 1439 1052 1507 Omnibus
1085 1443 1182 1524 enim,

169 1553 306 1615 quorum
329 1551 419 1596 mens
443 1529 597 1595 abhorret
620 1531 801 1614 aratione,
830 1550 957 1612 semper
979 1530 1078 1613 aliqui
1101 1530 1181 1594 talis

117 1641 151 1691 aa
170 1623 275 1685 terror
297 1618 469 1702 impendet.
506 1615 614 1702 Atque
632 1621 670 1682 ut
690 1618 772 1684 haee
794 1618 943 1683 tabificae
966 1618 1084 1682 mentis
1107 1640 1182 1702 per-

168 1707 372 1772 turbationes
402 1710 491 1788 eunt,
523 1706 758 1792 aegritudinem
790 1706 861 1772 dieo
893 1709 928 1771 et
959 1708 1095 1787 metum,
1132 1706 1182 1771 sic
1255 1723 1260 1735 '

91 1797 93 1802 ’
168 1796 338 1861 hilariores
373 1795 463 1877 illae,
498 1795 656 1878 cupiditas
689 1795 780 1859 avide
813 1815 939 1877 semper
971 1793 1094 1878 aliquid
1126 1815 1181 1858 ex·
1196 1817 1219 1860 u

168 1886 282 1966 petens
301 1886 334 1948 et
356 1882 462 1947 inanis
481 1882 646 1965 alacritas,
669 1882 772 1947 idest
793 1881 919 1946 laetitia
937 1881 1090 1968 gestiens,
1112 1903 1182 1947 non

168 1972 308 2036 multum
334 1969 486 2036 differunt
513 1971 554 2035 ab
587 1971 737 2035 amentia.
789 1969 841 2034 Ex
871 1990 936 2054 quo
967 1969 1182 2054 intellegitur,
1260 2017 1263 2051 ,

170 2058 276 2144 qualis
295 2058 351 2122 ille
370 2058 426 2141 sit,
449 2079 544 2140 quem
562 2061 632 2123 tum
650 2059 865 2141 moderatum,
889 2057 969 2122 alias
988 2057 1182 2141 modestum,

170 2152 235 2210 tum
266 2148 516 2228 temperantem,
549 2145 630 2210 alias
663 2149 869 2228 constantem⁴
897 2145 1180 2229 continentemque
1263 2161 1265 2192 l

170 2233 319 2316 dicimus3
341 2253 409 2296 uon
429 2253 606 2317 numquam
628 2234 708 2299 haee
731 2235 842 2299 eadem
868 2232 1024 2299 voeabula
1047 2233 1089 2297 ad
1112 2233 1178 2298 fru-
1193 2259 1219 2300 ao
1264 2255 1265 2304 l

168 2320 314 2405 galitatis
341 2341 459 2386 nornen
485 2324 651 2405 tamquam
678 2321 719 2386 ad
746 2324 844 2406 eaput
870 2321 989 2386 referre
1019 2322 1178 2394 volumus.
1264 2307 1265 2362 l

170 2408 328 2486 Quodnisi
351 2409 540 2474 eonomine
564 2410 699 2474 virtutes
723 2410 976 2493 continerentur,
1000 2431 1180 2494 numquam

168 2498 217 2562 ita
243 2497 468 2582 pervolgatum
490 2497 570 2563 illud
597 2501 695 2581 esset,
722 2501 760 2562 ut
787 2498 853 2562 iam
878 2496 1043 2581 proverbii
1071 2497 1179 2562 locum

171 2585 345 2669 obtineret,
368 2583 547 2649 ‘hominem
571 2585 658 2670 frugi
680 2587 788 2650 omnia
811 2588 896 2650 recte
918 2582 1050 2649 facere'.
1085 2584 1179 2661 Quod
1264 2607 1265 2642 1

169 2671 255 2737 idem
282 2693 354 2737 cum
377 2671 478 2737 Stoici
505 2673 543 2736 de
567 2675 712 2756 sapiente
736 2672 860 2755 dieunt,
884 2671 983 2736 nimis
1006 2671 1178 2736 admirabi·
1193 2698 1218 2738 as
1264 2671 1265 2756 l

121 2759 244 2889 lilim
267 2759 426 2860 nimisque
448 2759 619 2862 magnifice
643 2759 949 2862 dicerelvidentua
1262 2763 1265 2774 “

117 2903 151 2953 ³⁷
171 2847 590 3020 stanEtiagoqulildt’usqmidrld
614 2850 680 2999 ddi,
692 2848 1180 3020 silliqddmilpisrdllpilldcaidsfodt

169 3045 228 3088 uec
254 3025 401 3088 tabescat
427 3023 585 3088 molestiis
613 3041 672 3087 nec
702 3021 872 3107 frangatur
902 3023 1020 3086 timore
1047 3044 1108 3087 neo
1138 3023 1179 3088 si·

170 3111 289 3177 tienter
315 3111 392 3194 quid
420 3114 572 3193 expetens
600 3111 711 3176 ardeat
738 3109 907 3176 desiderio
922 3131 982 3176 nec
1011 3109 1219 3177 alacritatem

169 3199 274 3264 futtili
293 3198 434 3283 gestiens
454 3196 659 3282 deliquesoat,
676 3199 704 3263 is
719 3201 769 3264 est
788 3198 926 3281 sapiens,
944 3217 1040 3288 quem
1055 3200 1179 3282 quaeri-

170 3307 256 3366 mus,
283 3287 312 3350 is
340 3288 390 3350 est
416 3286 544 3368 beatus,
574 3285 625 3349 cui
647 3287 730 3350 nihil
753 3283 969 3350 humanarum
991 3305 1099 3349 rerum
1124 3290 1181 3350 aut

170 3373 376 3438 intolerabile
400 3373 439 3436 ad
462 3372 696 3438 demittendum
714 3373 859 3437 animum
879 3377 935 3437 ant
956 3373 1054 3436 nimis
1078 3373 1180 3438 laeta-

170 3459 236 3522 bile
254 3459 294 3522 ad
313 3458 514 3525 ecferendum
538 3457 639 3523 videri
661 3463 778 3543 potest.
815 3459 899 3535 Quid
922 3461 1008 3523 enim
1031 3459 1181 3525 videatur

171 3545 202 3608 ei
229 3565 390 3629 magnum.
409 3546 445 3608 in
471 3546 567 3609 rebus
596 3546 758 3629 humanis,
792 3547 842 3610 cui
870 3548 1045 3611 aeternitas
1074 3549 1219 3614 omniura

1259 3678 1265 3920 l
