2564 3950
155 194 220 258 206
320 193 368 246 DE
387 189 530 245 FINIBUS
548 188 729 244 BONORUM
746 189 794 244 ET
812 189 996 244 MALORUM

1273 209 1275 296 l

155 377 283 438 causae,
306 375 368 438 quo
387 353 482 417 modo
501 350 642 434 Epicuro
662 350 803 432 videtur,
825 352 862 414 ut
884 349 1026 432 pellatur
1047 351 1165 414 mortis

156 449 189 508 et
217 441 383 527 religionis
416 443 534 521 metus,
567 439 623 503 sed
650 439 748 502 etiam
776 437 970 502 modestiam
1001 437 1166 521 quandam

156 531 299 615 cognitio
337 550 445 594 rerum
486 527 672 591 caelestium
711 526 804 590 affert
840 525 894 608 iis,
931 525 987 608 qui
1023 525 1165 606 videant,
1274 531 1275 560 l

157 622 278 703 quanta
301 617 344 681 sit
367 616 466 680 etiam
489 614 573 697 apud
596 614 672 678 deos
696 613 888 696 moderatio,
911 616 1050 696 quantus
1074 613 1166 694 ordo,
1273 561 1275 682 l

157 711 189 770 et
213 704 469 789 magnitudinem
488 701 587 766 animi
611 701 743 766 deorum
762 721 860 782 opera
879 703 911 764 et
929 700 1015 765 facta
1034 721 1194 764 aeman-5

156 794 258 876 tibus,
286 791 443 856 iustitiam
472 790 584 872 ctiam,
609 810 684 875 ,oum
712 787 877 871 cognitum
909 787 1046 870 habeas,
1078 787 1166 870 quod

157 883 200 946 sit
223 879 340 945 summi
363 878 497 942 rectoris
521 897 558 940 ao
582 876 703 940 domini
724 896 857 955 numen,
880 875 966 959 quod
981 875 1166 955 consilium,
1274 879 1275 924 ἱ

157 989 238 1053 quae
261 967 426 1050 voluntas;
451 966 540 1029 euius
565 964 607 1028 ad·
627 967 777 1028 naturam
800 967 878 1045 apta
899 963 983 1026 ratio
1007 983 1084 1026 vera
1106 962 1166 1026 illa

105 1077 137 1125 12
158 1060 191 1120 et
213 1077 339 1120 summa
361 1054 413 1117 lex
436 1074 456 1116 a
477 1051 681 1134 philosophie
704 1050 829 1114 dicitur.
878 1048 969 1114 Inest
995 1050 1030 1116 in
1052 1049 1165 1114 eadem

158 1142 370 1226 explicatione
392 1143 526 1204 naturae
544 1138 739 1202 insatiabilis
758 1137 914 1222 quaedam
933 1157 1208 1221 eccgnoseeu·1o

158 1231 207 1295 dis
230 1229 326 1294 rebus
349 1227 511 1310 voluptas,
533 1226 569 1289 in
591 1247 654 1309 qua
676 1247 740 1289 una
763 1225 916 1290 confectis
937 1225 1033 1290 rebus
1055 1246 1164 1289 neces-

158 1317 252 1382 sariis
279 1315 371 1379 vacui
396 1313 538 1398 negotiis
565 1312 701 1376 honeste
729 1334 767 1378 ao
794 1312 972 1378 liberaliter
999 1312 1164 1396 possimus

74 1481 77 1485 .
157 1405 272 1468 vivere.
320 1401 410 1486 Ergo
439 1402 474 1466 in
504 1400 566 1466 hac
592 1401 718 1464 ratione
750 1403 821 1464 tota
853 1400 891 1464 de
918 1400 1068 1464 maximis
1095 1399 1165 1464 fere

156 1492 253 1556 rebus
286 1488 387 1554 Stoici
423 1489 499 1554 illos
533 1488 634 1552 secuti
666 1491 754 1570 sunt,
786 1492 824 1551 ut
855 1491 888 1552 et
919 1488 994 1552 deos
1029 1508 1099 1552 esse
1132 1491 1165 1552 et

157 1583 310 1663 quattuor
347 1599 385 1642 ex
421 1577 517 1641 rebus
553 1575 663 1641 omnia
694 1579 842 1640 constare
876 1575 1028 1640 dicerent.
1083 1574 1163 1640 Oum
1180 1603 1205 1640 15

158 1673 266 1732 autem
289 1669 494 1751 quaereretur
512 1684 563 1728 res
582 1663 754 1728 admodum
777 1662 932 1747 difficilis,
954 1685 1033 1727 num
1051 1664 1164 1746 quinta

157 1755 313 1840 quaedam
340 1757 458 1818 natura
484 1751 645 1816 videretur
673 1772 756 1832 esse,
784 1771 823 1814 ex
851 1772 915 1834 qua
941 1751 1026 1815 ratio
1055 1755 1088 1814 et
1117 1751 1164 1813 in·

157 1843 346 1927 tellegentie
378 1841 529 1921 oriretur,
562 1840 596 1902 iu
627 1860 689 1922 quo
718 1838 816 1902 etiam
843 1838 882 1902 de
911 1838 1041 1920 animis,
1074 1839 1164 1902 ouius

158 1931 285 2015 generis
304 1931 426 2009 essent,
449 1930 670 2010 quaereretur,
693 1925 779 1990 Zeno
798 1925 832 1990 id
851 1925 932 1990 dixit
956 1921 1025 1990 esse
1048 1926 1166 2008 ignem,
1273 1937 1274 1966 ¹

156 2038 223 2082 non
253 2016 343 2080 nulla
374 2014 487 2078 deinde
519 2014 626 2096 aliter,
658 2012 713 2076 sed
746 2033 784 2078 ea
814 2034 930 2098 pauca,
957 2012 996 2076 de
1024 2013 1165 2077 maxima
1179 2040 1205 2078 ro

158 2108 265 2168 autem
291 2125 327 2167 re
355 2102 466 2167 codem
500 2101 609 2183 modo,
638 2100 748 2164 divina
778 2105 886 2166 mente
918 2103 1014 2184 atque
1047 2104 1166 2165 natura
1273 2119 1274 2190 l

157 2190 311 2255 mundum
345 2189 531 2253 universum
560 2191 657 2270 atque
686 2189 754 2252 eius
785 2189 942 2253 maximas
974 2189 1078 2271 partis
1111 2189 1165 2253 ad·
1273 2207 1274 2210 ’

158 2277 345 2342 ministrari.
380 2275 553 2340 Materiam
571 2296 646 2340 vero
664 2297 769 2340 rerum
788 2279 822 2340 et
844 2273 971 2358 copiam
995 2276 1081 2359 apud
1104 2277 1165 2341 hos

108 2387 139 2434 13
159 2366 289 2443 exilem,
325 2365 410 2447 apud
445 2363 520 2428 illos
561 2363 758 2427 uberrimam
792 2363 998 2446 reperiemus,
1061 2363 1166 2438 Quam
1273 2417 1274 2422 ,

158 2454 263 2519 multe
291 2453 331 2516 ab
359 2451 400 2516 iis
428 2451 611 2534 conquisita
638 2454 671 2514 et
697 2451 834 2516 collecta
857 2453 932 2515 sunt
960 2451 999 2514 de
1022 2451 1166 2515 omnium
1180 2476 1205 2516 25
1273 2467 1274 2520 l

158 2541 372 2606 animantium
399 2559 528 2623 genere,
557 2542 643 2622 ortu,
670 2539 837 2622 membris,
866 2538 1040 2603 aetatibus!
1068 2560 1166 2622 quam
1272 2521 1274 2616 l

158 2629 261 2694 multa
293 2628 331 2691 de
362 2627 459 2692 robus
488 2627 543 2704 iis,
575 2646 655 2709 quae
683 2627 862 2710 gignuntur
890 2647 907 2689 e
937 2627 1035 2690 terra!
1067 2647 1167 2710 quam

158 2716 279 2780 multae
303 2735 461 2798 quamque
485 2713 524 2778 de
546 2713 644 2777 variis
668 2715 764 2777 rebus
788 2717 821 2778 et
843 2735 972 2797 causae,
995 2733 1051 2776 eur
1074 2715 1166 2798 quid·

159 2824 220 2886 que
242 2801 312 2883 fiat,
337 2805 370 2864 et
392 2801 697 2883 demonstrationes,
724 2822 819 2883 quem
847 2801 889 2866 ad
916 2800 1047 2866 modum
1075 2801 1166 2884 quid-

159 2911 220 2974 que
250 2889 320 2953 fiatl
353 2911 416 2972 qua
447 2910 486 2953 ex
520 2889 607 2954 omni
637 2889 731 2971 copia
758 2888 898 2971 plurima
926 2893 959 2952 et
987 2889 1206 2954 certissimam

158 2979 352 3061 argumenta
374 2978 544 3041 sumuntur
567 2975 607 3039 ad
633 2975 785 3059 cuiusque
813 2976 860 3040 rei
889 2978 1041 3040 naturam
1067 2977 1168 3059 expli·
1217 2989 1221 2994 “

158 3066 301 3130 eandam.
354 3062 444 3147 Ergo
477 3063 594 3146 adhuc,
630 3067 785 3145 quantum
819 3063 966 3146 equidem
1002 3064 1168 3148 intellego,

158 3175 255 3216 causa
273 3173 338 3216 non
356 3151 481 3215 videtur
504 3151 603 3214 fuisse
622 3150 767 3214 mutandi
786 3147 936 3215 nominis.
972 3148 1049 3214 Non
1072 3153 1168 3235 enim,

159 3241 186 3303 si
206 3239 315 3304 omnia
332 3259 400 3302 non
419 3237 624 3321 sequebatur,
646 3237 766 3302 idcireo
785 3259 851 3302 non
869 3242 940 3302 erat
960 3241 1049 3302 ortus
1068 3238 1167 3304 illino.

157 3326 318 3408 Equidem
345 3325 444 3388 etiam
472 3322 662 3406 Epicurum,
695 3325 729 3386 in
757 3323 900 3408 phynicia
929 3325 1071 3408 quidem,
1104 3325 1167 3390 De·
1181 3353 1207 3393 aa

158 3413 347 3476 mocriteum
374 3414 464 3494 puto.
512 3408 620 3475 Pauca
647 3414 768 3493 mutat,
800 3412 851 3475 vel
882 3411 977 3494 plura
1009 3433 1099 3496 sane3
1133 3418 1169 3476 at

159 3518 230 3560 eum
254 3499 293 3562 de
314 3497 464 3580 plurimis
487 3495 598 3560 eadem
620 3497 712 3581 dicit,
739 3501 810 3561 tum
832 3502 919 3562 certe
946 3499 984 3563 de
1008 3501 1166 3564 maximis.
