2552 3966
166 267 217 322 DE
237 267 308 324 FIN.
326 267 409 322 BON.
428 267 476 322 ΕΤ
496 265 580 321 MAL.
613 267 681 322 LIB.
700 267 722 322 1.
750 267 827 323 eAP.
848 274 870 322 1.
898 273 1018 335 51-3.
1062 266 1105 331 93

83 426 213 481 maxime
233 425 269 482 ab
288 443 323 482 eo
341 426 454 488 laudari
467 429 497 482 et
510 426 669 482 confirmari
685 427 721 482 ab
740 424 863 482 utilitate
882 427 1105 495 proficiscentem

83 500 162 568 (cap.
189 499 246 565 20).
288 497 432 552 Summam
454 497 542 568 igitur
564 497 687 568 gratiam
710 496 831 567 Epicuro
853 497 1012 552 hahendam
1034 514 1105 566 esse,

85 568 138 635 qui
162 568 281 622 naturae
304 568 369 623 voci
391 583 493 638 parens
515 568 591 623 viam
613 569 713 624 beatae
737 569 766 623 et
789 567 901 636 quietae
923 567 1000 622 vitae
1026 585 1104 622 mon·

85 638 227 692 straverit
244 640 316 710 (cap.
335 641 388 708 21).
987 647 990 654 “

181 779 258 847 Non
276 803 365 847 eram
383 783 523 868 nescius,
546 781 659 867 Brute,
683 804 770 866 cum,
792 803 874 866 quae
898 783 1032 848 summis
1055 783 1103 846 in·
1124 752 1153 874 ξ’

86 869 197 954 geniis
232 870 455 954 exquisitaque
489 871 636 936 doctrina
668 869 855 956 philosophi
884 869 1007 936 Graeco
1039 891 1103 935 ser-

88 979 188 1022 mone
220 959 465 1046 tractavissent,
497 981 535 1024 ea
561 959 687 1023 Latinis
719 959 837 1024 litteris
869 959 1104 1040 mandaremus,

18 1041 22 1048 '
88 1045 163 1112 fore
185 1049 224 1110 ut
250 1046 305 1130 hic
326 1051 439 1112 noster
464 1048 559 1113 labor
580 1048 616 1112 in
637 1048 744 1112 varius
767 1047 1032 1130 reprehensiones
1055 1047 1103 1110 in-

61 1138 245 1200 scurreret.
289 1133 376 1200 Nam
399 1135 606 1220 quibusdam,
632 1138 665 1199 et
687 1136 727 1200 iis
756 1135 885 1219 quidem
906 1157 973 1202 non
996 1136 1104 1212 admo-

90 1222 170 1286 dum
193 1223 348 1306 indoctis,
370 1226 475 1289 totum
493 1223 556 1288 hoc
575 1222 735 1307 displicet,
758 1223 991 1309 philosophari.
1028 1222 1104 1300 Qui-

91 1310 167 1375 dam
197 1316 306 1376 autem
333 1333 399 1376 non
428 1316 497 1377 tam
528 1312 562 1376 id
579 1311 846 1396 reprehendunt,
878 1313 906 1376 si
937 1312 1103 1377 remissius

90 1403 224 1484 agatur,
252 1399 308 1464 sed
330 1403 457 1465 tantum
485 1399 627 1464 studium
653 1403 783 1484 tumque
811 1400 947 1465 multam
970 1422 1104 1485 operam

91 1488 278 1572 ponendam
301 1489 336 1552 in
359 1509 396 1554 eo
419 1509 487 1554 non
508 1489 715 1554 arbitrantur.
760 1487 866 1552 Erunt
888 1489 1001 1572 etiam,
1026 1489 1104 1553 etii

55 1575 224 1659 mquidem
247 1575 364 1640 eruditi
387 1575 518 1642 Graccis
541 1576 674 1654 litteris,
697 1578 940 1640 contemnentes
959 1574 1105 1660 Latinas,

13 1665 14 1668 ’
92 1663 207 1748 quise
231 1663 341 1729 dicant
366 1666 402 1728 in
424 1663 557 1730 Graecis
584 1663 729 1748 legendis
752 1684 884 1747 operam
909 1665 1007 1750 malle
1030 1685 1104 1730 con-

13 1827 15 1838 l
92 1773 228 1818 sumere.
272 1752 443 1831 Postremo
471 1753 595 1836 aliquos
622 1751 749 1816 tuturos
777 1752 936 1834 suspicor,
964 1751 1020 1836 qui
1052 1773 1104 1816 me

14 1845 15 1848 ’
93 1840 134 1904 ad
158 1840 241 1904 alias
264 1840 390 1906 litteras
413 1844 543 1924 vocent,
566 1860 667 1925 genus
689 1839 752 1904 hoc
775 1838 949 1922 scribendi,
976 1839 1038 1904 etsi
1061 1840 1105 1904 sit

93 1928 241 2014 elegans,
273 1949 430 2012 personae
461 1933 571 1994 tamen
603 1931 636 1992 et
667 1926 838 2013 dignitatis
875 1947 945 1993 esse
976 1932 1104 2013 negent.

59 2042 81 2082 s
95 2015 218 2096 Contra
241 2038 322 2101 quos
342 2018 446 2082 omnis
466 2015 636 2082 dicendum
655 2016 795 2081 breviter
809 2015 973 2100 existim03
993 2029 1139 2101 quam-2

94 2126 191 2188 quam
221 2105 449 2190 philosophiae
477 2104 606 2190 quidem
637 2103 912 2189 vituperatoribus
944 2106 1024 2170 satis
1056 2126 1104 2170 re·

14 2263 16 2270 y
95 2213 252 2276 sponsum
266 2275 269 2281 Δ
282 2197 332 2258 est
359 2215 396 2260 eo
424 2194 522 2276 libro,
552 2215 614 2277 quo
643 2215 663 2257 a
689 2193 785 2258 nobis
812 2192 1022 2278 philosophia
1053 2194 1105 2259 de·

14 2279 18 2286 '
95 2281 187 2346 fensu
216 2284 249 2345 et
271 2281 456 2346 collaudata
479 2287 542 2365 est,
569 2302 643 2345 curn
672 2286 760 2346 esset
787 2285 937 2346 accusata
964 2285 997 2346 et
1020 2282 1105 2347 vitu-

95 2372 210 2453 perata
233 2369 274 2434 ab
297 2367 483 2436 Hortensio.
520 2369 583 2445 Qui
605 2369 785 2460 lihercum
809 2372 842 2434 et
863 2369 925 2434 tibi
947 2370 1104 2453 probatus

14 2539 16 2544 Ι
61 2457 258 2524 svideretur
286 2458 401 2542 otiis,
429 2479 509 2542 quos
537 2477 720 2543 ego-posse
748 2456 888 2521 iudicare
921 2457 1104 2540 arbitrarer,

97 2545 191 2629 plura
223 2547 351 2630 suscepi
381 2546 516 2630 veritus,
551 2565 593 2610 ne
628 2565 756 2610 movere
797 2544 965 2608 hominum
997 2545 1104 2611 studia

97 2634 230 2718 viderer,
260 2635 399 2700 retinere
426 2655 491 2700 non
517 2655 622 2718 posse.
674 2632 735 2709 Qui
763 2634 884 2716 autem,
915 2633 942 2698 si
964 2633 1104 2698 maxime

97 2721 158 2787 hoo
180 2721 320 2806 placeat,
347 2722 544 2787 moderatius
571 2724 682 2786 tamen
708 2721 740 2785 id
768 2721 883 2786 volunt
909 2721 992 2807 fieri,
1021 2723 1104 2787 diffi-

100 2810 191 2876 cilem
219 2811 381 2894 quandam
408 2809 656 2895 temperantiam
682 2809 851 2894 postulant
876 2811 910 2874 in
938 2832 990 2894 eo,
1019 2812 1105 2896 quod

64 2897 197 2962 sesemel
225 2897 402 2963 admissum
429 2898 568 2964 cotrceri
588 2898 792 2982 reprimique
819 2919 885 2964 non
914 2902 1036 2983 potest,
1068 2903 1105 2965 ut

100 2985 330 3070 propemodum
372 2986 561 3052 iustioribus
597 2988 727 3051 utamur
762 2985 842 3072 illis,
883 2987 938 3072 qui
975 2988 1104 3053 omnino

103 3078 234 3138 avocent
256 3096 276 3138 a
295 3074 521 3162 philosophia&
544 3095 642 3158 quam
667 3074 731 3158 his,
760 3074 815 3158 qui
841 3075 937 3140 rebus
967 3074 1104 3139 infinitis

102 3161 228 3226 modum
256 3163 456 3228 constituant
482 3163 516 3228 in
542 3183 639 3247 reque
667 3183 705 3228 eo
733 3161 882 3246 meliore,
909 3183 972 3248 quo
999 3163 1105 3227 maior

104 3250 155 3333 sit,
177 3249 434 3316 mediocritatem
457 3251 647 3316 desiderent.
699 3248 772 3316 Sive
799 3249 884 3314 enim
913 3251 953 3315 ad
979 3250 1140 3334 sapien-e

70 3337 178 3402 actium
204 3339 365 3421 perveniri
390 3342 514 3423 potest,
539 3360 605 3404 non
631 3337 777 3423 paranda
796 3338 897 3404 nobis
925 3339 1031 3404 solum
1058 3359 1105 3421 ea,

105 3425 155 3490 sed
182 3425 316 3490 fruenda
343 3427 441 3492 etiam
469 3431 532 3510 est;
560 3427 627 3493 sive
654 3426 717 3493 hoc
744 3425 876 3490 difficile
904 3431 967 3509 est,
993 3430 1104 3491 tamen

104 3534 158 3578 nec
178 3512 292 3589 modus
316 3518 367 3579 est
388 3515 474 3580 ullus
497 3513 715 3598 investigandi
737 3513 819 3595 veri,
848 3513 911 3577 nisi
933 3514 1104 3596 inveneris,

106 3606 135 3665 ei
164 3601 333 3685 quaerendi
366 3601 555 3687 defetigatio
587 3603 691 3686 turpis
728 3603 791 3683 est,
827 3621 900 3665 cum
935 3601 982 3686 id,
1019 3603 1104 3685 qued
