2544 3952
280 227 281 230 ,
329 179 397 236 ιιι.
416 179 464 236 ιι.
492 178 712 237 oseis-1⁷.
740 184 897 246 sss-40.
1051 178 1118 244 405

12 335 13 398 l
99 342 273 426 totiusque
296 341 408 406 mundi
429 345 509 407 nota
532 341 575 406 ιιι
597 340 809 426 magnitudo?
851 341 937 408 Nam
960 340 1037 424 quid
1060 344 1117 407 aut

101 431 141 494 ιιι
168 430 282 494 studiis
305 429 456 494 humanis
480 433 537 494 ιιι
558 430 593 494 in
614 434 683 494 tam
707 430 824 515 exigua
848 430 1007 495 brevitate
1029 429 1116 494 vitae

101 539 263 604 magnum
287 517 428 602 sapienti
451 517 553 582 videri
575 521 697 602 potest,
720 519 776 602 qui
794 539 920 601 semper
938 517 1046 582 animo
1070 518 1117 581 sio

12 601 13 608 '
102 606 260 690 excubat,
288 609 324 670 ut
348 606 377 670 ei
399 604 483 670 nihil
505 605 705 688 inprovisum
728 606 871 672 accidere
893 606 1011 690 possit,
1033 605 1116 670 nihil

74 695 325 778 sinopinatum,
351 693 433 758 nihil
461 694 592 760 omnino
621 694 762 760 novum?
813 694 922 779 Atque
953 693 1038 759 idem
1069 694 1117 758 ita
1135 714 1168 764 ιι

12 793 14 860 l
104 805 215 848 aorem
234 783 268 848 in
286 782 390 847 omnis
409 782 511 866 partis
526 783 626 846 aciem
644 782 791 867 intendit,
810 787 847 847 ut
865 803 991 866 semper
1009 781 1118 847 videat

12 899 15 1008 p
103 870 216 936 sedem
244 871 307 935 sibi
336 891 373 934 ao
400 870 507 936 loeum
535 869 603 936 sine
626 870 777 936 molestia
805 875 900 955 atque
928 891 1048 955 angore
1070 871 1116 935 vi·

12 1015 13 1054 ,
103 959 218 1042 vendi,
240 962 286 1042 ut,
308 979 538 1044 quemeumque
556 979 666 1024 oasum
684 958 816 1023 fortuna
837 959 1006 1041 invexerit,
1031 957 1117 1024 huno

12 1055 13 1072 ³
105 1051 185 1130 apte
204 1049 237 1112 et
259 1047 366 1131 quiete
388 1046 486 1132 ferat,
509 1047 595 1130 quod
618 1046 674 1132 qui
696 1046 808 1130 faeiat,
829 1067 895 1112 non
913 1046 1116 1132 aegritudine

63 1159 90 1200 ιο
106 1135 213 1200 solum
244 1135 388 1219 vacabit,
426 1135 480 1200 sed
517 1135 616 1200 etiam
651 1135 948 1219 perturbationibus
983 1135 1117 1221 reliquis

106 1221 269 1289 omnibus.
319 1221 381 1288 His
411 1227 519 1288 autem
548 1243 668 1288 vacuus
696 1223 822 1288 animus
849 1223 991 1307 perfecte
1019 1227 1117 1307 atque

12 1305 16 1404 J
106 1311 256 1376 absolute
279 1311 391 1378 beatos
414 1311 528 1395 elficit,
549 1310 697 1396 idemque
716 1311 896 1378 concitatus
919 1315 953 1376 et
976 1312 1118 1376 abstrae-

105 1404 162 1464 ιιι
183 1399 290 1466 ιιι
240 1421 275 1464 m
275 1403 369 1486 tegra
387 1404 535 1500 certaque
553 1399 678 1464 ratione
696 1420 764 1464 non
776 1403 913 1465 oonstan
855 1399 994 1464 tantiam
1013 1399 1117 1464 solum

109 1488 246 1571 amittit,
268 1509 379 1552 verum
402 1488 500 1553 etiam
524 1488 704 1553 sanitatem.

67 1601 93 1641 rs
177 1575 334 1652 Quocirca
356 1576 463 1641 mollis
487 1579 520 1641 et
543 1578 695 1640 enervata
717 1579 776 1659 put
761 1575 861 1640 tanda
884 1577 933 1639 est
952 1574 1115 1658 Peripate·

108 1665 248 1729 tioorum
267 1665 352 1728 ratio
371 1668 404 1729 et
421 1663 526 1729 oratio
531 1663 618 1749 ,qui
641 1663 825 1746 perturbari
843 1662 968 1728 animos
986 1684 1117 1727 neeesse

109 1752 221 1819 dieunt
239 1773 319 1836 esse,
337 1751 393 1818 sed
411 1751 566 1816 adhibent
584 1752 714 1816 modum
733 1750 900 1834 quendam,
918 1772 1013 1836 quem
1030 1751 1176 1816 ultra

108 1840 260 1925 progredi
281 1861 347 1905 non
370 1843 527 1924 oporteat
572 1837 704 1905 Modum
727 1843 765 1903 ιι
787 1839 923 1904 adhibes
944 1837 1048 1904 vitio?
1076 1860 1117 1903 en
1135 1859 1169 1910 39

109 1929 225 1992 vitium
243 1929 369 1993 nullum
388 1931 438 1993 est
459 1949 524 1993 uon
541 1949 656 2011 parere
673 1927 815 1992 rationi?
839 1949 880 1992 ιιι
901 1927 984 1992 ratio
1002 1949 1117 2028 parum

71 2040 97 2082 ao
110 2016 268 2101 praecipit
298 2037 358 2082 neo
396 2017 517 2082 bonum
553 2016 633 2080 illud
670 2037 756 2100 esse,
791 2015 877 2100 quod
914 2018 970 2080 aut
1006 2016 1117 2100 cupias

111 2104 224 2170 ardent
209 2108 258 2169 ter
282 2108 338 2168 aut
361 2103 495 2188 adeptus
518 2104 641 2170 ecferas
663 2107 696 2169 te
719 2105 908 2183 insolenter,
938 2125 997 2168 neo
1020 2124 1117 2188 porro

110 2194 246 2276 malum,
269 2215 332 2277 quo
356 2197 412 2257 ιιι
434 2215 607 2278 oppressus
634 2195 739 2258 iaeeas
764 2197 832 2276 aut,
859 2214 901 2257 ne
925 2192 1118 2276 opprimere,

111 2286 218 2346 mente
240 2281 294 2345 ιιι
317 2284 410 2346 eonst
396 2282 468 2346 tes?
492 2303 592 2366 eaque
611 2283 720 2346 omnia
738 2284 795 2346 aut
812 2281 909 2346 nimis
932 2280 1040 2344 tristia
1063 2284 1119 2344 aut

111 2371 205 2436 nimis
233 2370 321 2434 laeta
347 2391 454 2434 errore
482 2369 566 2452 fieri,
592 2371 649 2454 qui
676 2391 764 2434 error
792 2369 901 2433 stultis
931 2372 1119 2433 extenuetur

73 2481 99 2526 as
113 2459 176 2542 die,
203 2461 251 2542 ut,
279 2479 351 2522 oum
373 2479 425 2522 res
447 2457 559 2522 eadem
576 2460 724 2542 maneat,
754 2455 849 2521 aliter
870 2456 977 2520 ferant
998 2455 1118 2521 invete-

112 2552 195 2629 rata,
235 2547 332 2610 aliter
363 2545 519 2629 recentia,
556 2545 710 2628 sapientis
742 2565 782 2608 ne
815 2544 958 2629 attingat
988 2543 1117 2628 quidem

113 2633 263 2701 omnino?
297 2633 429 2700 Etenim
452 2634 524 2719 quis
548 2635 644 2698 eritt
630 2633 761 2697 tandem
779 2631 893 2698 modus
916 2633 960 2698 ist
946 2631 1001 2696 te?
1024 2653 1118 2715 quae·
1136 2652 1170 2701 40

113 2743 219 2788 ramus
238 2722 324 2786 enim
343 2721 473 2788 modum
491 2742 580 2807 aegri
572 2721 747 2804 tudinis,
738 2743 773 2784 m
795 2742 858 2804 qua
881 2742 997 2804 operae
1020 2721 1117 2804 pluri-

114 2831 199 2875 mum
227 2810 368 2894 ponitur.
414 2809 520 2895 Aegre
547 2810 661 2874 tulisse
683 2808 718 2873 P
741 2807 909 2892 Rupilium
936 2807 1047 2874 fratris
1070 2829 1118 2872 re-

76 2923 100 2964 ιι
113 2898 239 2982 pulsam
266 2899 452 2966 consulatus
480 2897 636 2982 seriptum
660 2897 744 2981 apud
766 2895 927 2962 Fannium
954 2900 1011 2960 est.
1057 2894 1118 2960 Sed

113 2991 220 3052 tamen
246 2987 401 3052 transisse
428 2986 517 3051 videt
503 2989 556 3050 tur
582 2984 726 3064 modum,
753 2985 871 3070 quippe
904 2985 958 3069 qui
981 2985 1023 3049 ob
1047 3005 1118 3047 eam

114 3096 240 3140 oausam
255 3098 275 3140 a
288 3075 357 3140 vita
370 3074 552 3157 recesserit
526 3035 771 3140 mtoderatius
785 3074 886 3157 igitur
899 3073 983 3136 ferre
998 3070 1118 3136 debuit

115 3163 206 3247 Quid,
230 3163 272 3247 si,
295 3185 368 3228 oum
385 3163 419 3227 id
436 3162 535 3226 ferret
553 3161 691 3246 modice,
713 3183 800 3226 mors
819 3161 994 3226 liberorum
1014 3180 1118 3224 acees-

81 3213 229 3319 sisset?
273 3248 367 3316 Nata
395 3255 480 3316 esset
508 3253 612 3335 aegrit
589 3250 675 3315 'tudo
702 3271 799 3334 nova,
827 3248 884 3314 sed
912 3270 949 3313 ea
978 3246 1117 3330 modiosq

78 3363 102 3410 ιι
115 3359 230 3424 magna
256 3342 367 3404 tamen
393 3338 481 3404 faeta
509 3342 594 3404 esset
621 3339 769 3403 aooessio.
819 3336 917 3421 Quid,
944 3336 972 3400 si
1002 3335 1118 3400 deinde

12 3459 14 3508 ι
114 3427 234 3494 dolores
265 3448 379 3512 graves
403 3428 561 3512 eorporis,
588 3427 617 3492 si
639 3427 798 3492 bonorum
821 3425 969 3508 amissi0,
997 3425 1025 3489 si
1049 3443 1118 3488 oae-

12 3523 13 3548 ¹
115 3517 206 3601 citae,
238 3516 266 3580 si
298 3515 452 3580 exilium?
510 3513 545 3580 si
580 3536 639 3598 pro
672 3514 810 3600 singulis
847 3513 941 3577 malis
980 3511 1119 3597 aegritu·
