2564 3952
164 211 230 276 346
360 207 658 264 TUSCULANARUM
675 205 976 262 DISPUTATIONUM

165 393 350 438 maxumum
382 370 514 454 dixerit,
550 371 696 454 quamvis
733 369 817 433 idem
849 369 1034 434 forticulum
1072 391 1107 433 se
1138 369 1171 432 in

164 460 359 526 torminibus
391 463 424 524 et
455 459 488 524 in
516 460 701 543 stranguria
728 479 786 522 sua
817 457 979 540 praebeat.
1032 457 1172 521 Aliunde

163 550 337 634 igiturest
360 547 541 631 quaerenda
562 547 732 624 medicina,
756 550 789 612 et
812 546 951 609 maxime
973 544 1113 628 quidem,
1136 547 1172 628 si,

163 639 240 723 quid
272 637 410 702 maxime
442 638 691 701 consentaneum
723 634 779 716 sit,
815 635 1011 718 quaerimus,
1048 634 1090 698 ab
1123 634 1173 715 iis,

162 727 294 811 quibus,
325 723 409 809 quod
440 724 613 788 honestum
646 725 702 806 sit,
734 743 895 787 summum
921 723 1055 803 bonum,
1086 723 1196 806 quoda

163 819 270 898 turpe,
293 834 455 878 summum
478 810 606 876 videtur
626 813 756 876 melum.
801 810 863 874 His
886 814 922 875 tu
945 812 1172 894 praesentibus

164 923 291 988 gemere
318 905 351 965 et
377 901 498 965 iactare
525 903 557 963 te
580 922 646 965 non
673 899 805 964 audebis
833 899 992 982 profeet03
1021 899 1173 982 loquetur

110 1049 155 1113 20
165 1011 349 1160 emitti?
351 1009 483 1140 mclii
494 987 620 1159 ,iffi
643 992 909 1158 latta,
957 1075 1172 1141 auretenus

109 1127 145 1175 46
164 1166 344 1250 Olympiae,
367 1165 521 1229 barbaros
544 1164 579 1228 in
602 1163 721 1229 harena
744 1164 864 1229 videris
886 1163 1075 1246 excipientis
1099 1185 1174 1249 gra·
1188 1192 1212 1230 m

162 1254 314 1318 vissimas
341 1253 454 1336 plagas
482 1254 515 1316 et
536 1251 671 1316 ferentis
694 1251 837 1335 silentio,
866 1252 893 1315 si
916 1255 948 1314 te
970 1251 1054 1316 forte
1078 1252 1175 1318 dolor

25 1389 32 1402 ,
164 1342 281 1425 aliquis
313 1339 512 1424 pervellerit,
544 1340 739 1405 exclamabis
770 1345 807 1405 ut
838 1339 965 1422 mulier,
996 1360 1064 1404 non
1096 1361 1173 1406 con-

163 1433 288 1494 stanter
316 1435 348 1493 et
375 1427 485 1492 sedate
507 1426 614 1492 feres?
638 1465 680 1474 —-
703 1428 789 1492 Fieri
811 1449 877 1492 non
899 1431 1023 1511 potest,
1054 1432 1175 1492 natura

162 1540 229 1584 non
260 1517 392 1601 patitur.
424 1533 466 1562 -ὲ
498 1516 614 1583 Audio.
668 1515 762 1580 Pueri
794 1516 903 1580 ferunt
937 1516 1042 1600 gloria
1073 1517 1174 1598 ducti,
1249 1593 1252 1598 .

162 1606 271 1670 ferunt
292 1605 414 1690 pudore
433 1604 502 1683 alii,
524 1605 618 1669 multi
643 1609 745 1688 metu,
768 1609 801 1668 et
823 1608 932 1669 tamen
950 1613 1119 1686 veremur,
1136 1609 1174 1669 ut
1190 1632 1215 1672 15

162 1694 237 1772 hcc,
268 1694 354 1778 quod
377 1717 396 1758 a
418 1697 486 1757 tam
509 1693 620 1756 multis
643 1696 676 1756 et
698 1692 784 1776 quod
806 1695 857 1756 tot
878 1692 959 1757 locis
981 1691 1176 1775 perferetur,

162 1786 279 1846 natura
302 1780 467 1865 patiatur?
511 1779 574 1844 Illa
595 1801 672 1845 vero
694 1802 759 1846 uon
782 1780 877 1845 modo
900 1781 1035 1863 patitur,
1058 1802 1175 1846 verum

162 1871 260 1935 etiem
287 1871 445 1953 postulat3
473 1869 555 1932 nihil
582 1869 667 1932 enim
695 1868 795 1933 habet
817 1869 1048 1952 praestantius,
1077 1869 1193 1953 nibil,-

162 1959 247 2042 quod
270 1958 375 2043 magis
393 1950 527 2041 ¹expetet
550 1978 646 2040 quam
669 1957 888 2040 honestatem,
914 1977 1011 2040 quam
1033 1957 1174 2041 laudem,

161 2067 259 2130 qnam
286 2045 492 2130 dignitatem,
519 2066 616 2127 quam
644 2045 748 2110 decus.
799 2043 898 2109 Hisce
931 2063 991 2129 ego
1022 2045 1173 2127 pluribus
1188 2073 1214 2112 so

106 2135 117 2150 ⁴
161 2133 347 2198 nominibus
364 2153 461 2196 unam
479 2153 547 2195 rem
565 2132 723 2198 declarari
741 2133 825 2217 volo,
844 2133 899 2197 sed
917 2137 1000 2214 utor,
1017 2136 1055 2196 ut
1073 2155 1174 2217 quam

162 2221 302 2285 maxime
326 2219 518 2304 significem,
540 2220 696 2304 pluribus.
731 2220 816 2285 Volo
834 2225 942 2286 autem
961 2219 1067 2284 dicere
1087 2220 1171 2286 illud

162 2307 287 2372 homini
313 2308 409 2392 louge
438 2310 605 2390 optumum
632 2331 715 2391 esse,
743 2309 828 2392 quod
853 2309 960 2392 ipsum
989 2309 1032 2372 sit
1055 2314 1172 2392 opten-

76 2451 79 2458 .
163 2397 238 2462 dum
261 2417 319 2480 per
346 2417 393 2480 se,
408 2391 439 2460 “a
467 2396 584 2461 virtute
612 2397 791 2481 prefectum
819 2397 869 2461 vel
899 2397 933 2460 in
956 2397 1028 2479 ipsa
1051 2399 1172 2462 virtute
1272 2401 1273 2418 ¹

162 2485 275 2567 situm,
311 2508 369 2549 sua
406 2486 523 2568 sponte
564 2485 738 2569 laudabile,
779 2483 865 2568 quod
905 2485 1033 2569 quidem
1074 2485 1171 2550 citius
1186 2512 1211 2553 25

161 2574 296 2637 dixerim
319 2574 425 2638 solum
448 2595 544 2656 quam
567 2595 813 2638 nonsummum
836 2573 965 2638 bunum.
1003 2572 1111 2656 Atque
1135 2579 1173 2638 ut

160 2661 241 2724 haec
272 2661 310 2725 de
342 2661 495 2744 honesto,
527 2661 572 2724 sic
599 2662 638 2726 de
668 2662 756 2744 turpi
789 2661 963 2745 centraria,
988 2660 1071 2724 nihil
1102 2665 1172 2726 tam

160 2751 315 2899 plectrum,
346 2748 429 2813 nihil
461 2753 528 2812 tem
563 2749 811 2833 aspernandum,
843 2748 927 2812 nihil
959 2749 1090 2814 humine
1122 2751 1170 2812 in-

183 2857 195 2898 1
241 2857 301 2900 rus.

107 2936 141 2984 47
196 2854 320 2999 gliluod
343 2923 371 2986 si
393 2923 454 2988 tibi
476 2945 665 3007 persuasum
688 2928 738 2989 est
761 2923 932 3009 (principio
952 2925 1037 2990 enim
1061 2925 1170 2990 dixisti
1183 2951 1209 2992 ao

161 3012 233 3096 plus
252 3011 286 3075 in
304 3011 457 3076 dedecore
476 3012 556 3076 mali
576 3012 638 3076 tibi
657 3012 759 3077 videri
776 3034 873 3096 quam
891 3014 925 3077 in
945 3009 1078 3098 dolore),
1097 3014 1169 3077 reli·

161 3121 258 3183 quum
278 3103 341 3182 est,
364 3103 403 3164 ut
422 3103 492 3164 tute
510 3100 572 3164 tibi
590 3100 742 3185 imperes3
765 3121 959 3185 quamquam
980 3099 1041 3166 hoc
1059 3103 1169 3166 nescio

161 3209 224 3272 quo
248 3188 343 3253 modo
368 3186 497 3272 dicitur,
520 3188 614 3271 quasi
637 3187 700 3252 duo
723 3188 838 3271 simus,
860 3192 899 3253 ut
920 3189 1002 3252 alter
1024 3189 1169 3272 imperet,

106 3281 149 3342 21
162 3275 243 3340 alter
274 3279 400 3360 pareat3
431 3297 498 3342 non
528 3276 643 3340 inscite
674 3280 784 3340 tamen
816 3276 943 3341 dicitur.
992 3275 1059 3340 nse
1083 3277 1168 3342 euim

162 3361 288 3427 animus
307 3363 342 3428 in
360 3364 464 3447 partis
482 3362 623 3427 tributus
642 3362 734 3446 duas,
758 3386 893 3448 quarum
912 3365 1015 3428 altera
1032 3365 1169 3430 rationis
1182 3390 1207 3431 es
1270 3413 1271 3420 κ

162 3453 212 3512 est
234 3452 409 3535 particeps,
437 3451 539 3515 altera
562 3471 684 3532 expers.
736 3449 818 3516 Oum
840 3453 940 3537 igitur
963 3454 1170 3537 praecipitur,

161 3539 198 3597 ut
215 3537 376 3600 nobismet
394 3539 473 3622 ipsis
493 3537 700 3620 imperemus,
718 3537 780 3604 hoc
797 3539 1007 3624 praecipitur,
1030 3544 1068 3605 ut
1085 3541 1170 3608 ratic
