2502 3960
264 207 268 214 ·
323 191 431 253 cmi.
461 191 537 246 orn.
558 198 586 261 ι,
606 200 630 248 c.
660 198 814 260 cra-co.
1028 193 1071 258 99

34 347 194 422 maxime
221 355 399 439 gloriatur,
429 353 572 439 primum
594 358 683 420 totus
709 359 759 420 est
789 355 927 442 alienus,
953 353 1071 422 Demo-

35 445 147 508 critea
180 443 267 508 dicit
298 465 460 527 perpauca
490 446 634 527 mutans,
671 443 726 508 sed
753 444 814 528 ita,
841 448 878 507 ιιι
905 466 956 528 ea,
989 466 1071 529 quae

36 533 218 617 corrigere
241 531 329 615 vult,
358 530 439 598 mihi
463 531 592 617 quidem
614 532 788 616 depravare
810 531 965 597 videatur.
1010 531 1070 596 Ille

2 617 3 670 l
37 625 181 686 atomos
205 641 288 704 quas
308 620 460 704 appellat,
479 619 513 686 id
532 623 582 684 est
600 641 736 704 corpora
753 619 921 686 individua
938 625 1083 705 propter·

17 708 274 792 isoliditatem,
297 712 408 774 censet
428 708 463 772 in
485 707 626 774 infinitio
645 709 748 792 inani,
770 709 805 774 in
825 731 888 792 qno
906 709 990 773 nihil
1011 729 1071 794 nec

40 819 221 862 summum
249 817 309 863 nec
337 797 483 862 infimum
505 818 566 862 nec
588 796 730 862 medinm
752 819 813 862 nec
840 797 991 862 intimum
1012 818 1072 862 nec

41 889 240 950 extremum
269 885 326 968 sit,
356 885 404 950 ita
434 884 527 970 ferri,
559 887 597 948 ut
623 883 889 951 concursionibus
921 885 1005 950 inter
1037 907 1071 950 se

40 974 305 1057 cohaerescant,
333 995 372 1038 ex
399 995 462 1059 quo
491 973 674 1038 efficiantur
701 995 753 1058 ea,
779 995 860 1058 quae
884 973 951 1038 sint
976 995 1070 1058 quae·

41 1084 107 1146 que
131 1064 322 1144 cernantur,
340 1062 463 1146 omnia,
482 1083 619 1146 eumque
637 1066 762 1128 motum
781 1067 963 1128 atomorum
980 1062 1070 1127 nullo

13 1180 30 1217 ιι
42 1173 62 1213 a
81 1149 267 1234 principiO,
285 1151 341 1214 sed
360 1171 399 1214 ex
412 1153 709 1234 aeternotempore
727 1151 874 1235 intellegi
892 1151 1070 1216 convenire.

2 1309 3 1312 Ἴ
41 1238 219 1323 Epicurus
242 1241 364 1321 autem,
386 1239 421 1303 in
444 1239 559 1324 quibus
582 1239 728 1324 sequitur
744 1237 981 1325 Democritum,
1004 1262 1070 1305 non
1091 1259 1124 1309 18

42 1327 114 1390 fere
149 1325 284 1390 labitur.
334 1325 538 1411 Quamquam
568 1327 736 1411 utriusque
770 1350 842 1394 cum
869 1329 975 1393 multa
1005 1351 1072 1395 non

43 1415 171 1498 probo,
204 1416 277 1478 tum
308 1414 387 1478 illud
418 1415 452 1478 in
485 1414 613 1500 primis,
651 1415 750 1500 quod,
784 1439 857 1482 oum
892 1417 927 1482 in
962 1439 1071 1482 rerum

44 1506 175 1570 natura
203 1501 267 1568 duo
295 1502 478 1586 quaerenda
504 1503 583 1587 sint,
610 1526 724 1582 unum,
751 1525 832 1587 quae
859 1506 997 1570 materia
1020 1507 1071 1589 sit,

14 1618 33 1657 u
47 1613 88 1656 ex
114 1612 185 1674 qua
214 1611 359 1674 quaeque
382 1612 434 1656 res
457 1590 629 1675 efficiatur,
658 1593 810 1675 alterum,
838 1613 919 1676 quae
947 1593 996 1658 vis
1020 1595 1071 1677 sit,

47 1699 138 1763 quae
162 1678 304 1764 quidque
327 1678 462 1762 efficiat,
484 1679 523 1744 de
542 1680 681 1744 maaria
698 1680 929 1764 disseruerunt,
952 1682 1020 1746 vim
1038 1687 1071 1746 et

49 1788 192 1832 causam
234 1765 394 1831 efficiendi
431 1767 641 1852 reliquerunt.
705 1765 767 1832 Sed
802 1767 864 1832 hoc
901 1789 1070 1834 commune

2 1856 189 1944 vitium3
220 1854 296 1920 illac
324 1855 464 1938 Epicuri
496 1856 647 1941 propriae
677 1855 802 1922 ruinae:
842 1859 953 1922 censet
984 1858 1070 1922 enim

2 1963 4 1974 ’
2 1929 172 2008 eadem
198 1942 256 2008 illa
282 1943 506 2008 individuaet
528 1943 633 2009 solida
662 1966 798 2028 corpora
818 1945 897 2010 ferri
920 1945 1070 2010 deorsum

18 2061 38 2100 a
52 2054 114 2096 suo
138 2030 281 2115 pondere
300 2031 343 2096 ad
364 2032 498 2115 lineam,
521 2033 607 2098 hunc
624 2034 808 2098 naturalem
832 2055 901 2098 esse
924 2035 1070 2100 omnium

53 2141 231 2203 corporum
253 2123 386 2186 motum.
431 2083 557 2186 Deinde
577 2120 699 2186 ibidem
722 2121 820 2187 homo
844 2126 974 2207 acutus,
996 2143 1122 2190 cum1e

52 2208 139 2274 illud
162 2211 356 2292 occurreret,
379 2209 408 2274 si
432 2209 542 2274 omnia
564 2209 695 2275 deorsus
719 2212 886 2295 eregione
909 2211 1070 2278 ferrentur

54 2301 102 2381 et,
136 2299 175 2361 ut
206 2295 285 2380 dixi,
317 2296 358 2360 ad
389 2297 523 2380 lineam,
561 2319 738 2382 numquam
766 2298 835 2364 fore
868 2303 905 2363 ut
941 2304 1069 2366 atomus

55 2385 161 2449 altera
184 2383 320 2450 alteram
346 2388 458 2468 posset
480 2385 654 2470 attingere,
682 2389 706 2471 †
733 2387 842 2471 itaque
866 2389 977 2452 attth
999 2410 1069 2456 rem

21 2501 42 2542 ιι
57 2472 335 2538 commenticiam:
369 2473 530 2538 declinare
566 2473 720 2538 dixitt
687 2477 832 2539 atomum
867 2477 1070 2561 perpaulum,
1115 2545 1117 2548 ,

58 2583 123 2646 quo
150 2560 232 2626 nihil
258 2564 370 2645 posset
396 2561 466 2627 fieri
494 2562 615 2645 minus3
642 2563 689 2627 ita
717 2562 801 2628 effici
833 2564 1069 2648 complexiones

58 2654 92 2714 et
114 2649 335 2732 copulationes
358 2653 391 2715 et
413 2649 625 2716 adhaesiones
648 2654 831 2716 atomorum
853 2651 937 2717 inter
960 2674 1006 2738 se,
1029 2676 1069 2719 ex

59 2760 123 2824 quo
146 2737 325 2803 efficeretur
342 2737 481 2804 mundus
500 2761 674 2824 omnesque
696 2743 804 2824 partes
823 2741 950 2826 mundi,
971 2765 1068 2827 quae-

59 2849 121 2911 que
142 2826 177 2892 in
200 2847 237 2892 eo
261 2831 378 2894 essent
423 2826 512 2903 Quae
535 2850 610 2892 cum
631 2850 683 2894 res
706 2833 777 2894 tota
798 2830 876 2894 ficta
898 2830 942 2894 sit
962 2832 1068 2914 pueri-

24 2916 146 2998 aliter,
167 2917 239 2980 tum
260 2936 302 2979 ne
325 2915 426 2979 efficit
446 2917 580 2999 quaem,
602 2916 687 3000 quod
710 2919 789 2984 vult
832 2915 1006 2983 Namet
961 2923 1068 3003 rtpsa

62 3003 209 3068 declinat
184 3006 231 3068 ιιο
265 3003 305 3067 ad
335 3001 505 3068 libidinem
536 3004 670 3088 fingitur
701 3004 762 3107 (ait
793 3005 878 3071 enim
908 3008 1067 3072 declinare

62 3096 202 3157 atomum
226 3091 294 3156 sine
318 3113 428 3192 causa3
453 3114 515 3177 quo
538 3092 658 3158 nihilt
643 3095 770 3177 turpius
792 3093 944 3179 physico,
970 3118 1067 3180 quam

61 3181 128 3246 fieri
153 3180 326 3265 quicquam
363 3181 430 3246 sine
462 3202 561 3246 causa
592 3181 724 3267 dicere),
758 3187 791 3247 et
817 3182 910 3248 illum
941 3187 1067 3249 motum

62 3273 118 3334 nat
103 3269 238 3334 turalem
266 3269 412 3334 omnium
438 3270 630 3354 ponderum,
666 3271 743 3334 ut
733 3293 803 3372 1pse
836 3272 1016 3355 constituit,
1050 3295 1067 3337 e

30 3359 187 3443 ccregione
205 3355 394 3422 inferiorem
416 3358 522 3423 locum
541 3358 767 3459 petentium
741 3381 810 3424 sme
829 3381 927 3424 causa
948 3360 1066 3443 eripuit

65 3447 174 3512 atomis
201 3466 262 3510 nec
289 3449 401 3512 tamen
425 3446 474 3532 id,
501 3447 591 3512 cuius
614 3468 713 3512 causa
735 3448 815 3512 haec
837 3448 987 3531 finxerat,
960 3451 1065 3512 t-as

66 3539 183 3602 secutus
207 3538 266 3599 est.
301 3533 437 3602 Nam
411 3556 572 3600 s1omnes
596 3536 697 3600 atomi
720 3536 935 3619 declinabunt,
957 3537 1118 3604 nullaene

868 3640 904 3693 7*

924 3698 930 3706 c

782 3717 884 3746 ‘⁴⁸0⁴'
925 3725 932 3736 ι
959 3713 964 3723 ’

780 3748 784 3760 ι
