2564 3952
142 225 212 284 Lm.
225 227 260 281 11.
289 225 364 282 err.
380 231 423 282 ar.
446 229 519 293 aar.
542 226 608 282 ara.
623 226 671 282 111.
697 225 780 284 aaa.
808 225 885 284 cur.
900 233 929 288 1..
951 232 1007 294 §1-
1052 225 1118 292 355

106 385 267 442 Stoicorum
285 385 409 442 breviter
427 386 544 442 astricta
562 386 635 456 (cap.
655 389 752 456 6-9).
790 386 895 453 Quibus
916 387 1048 458 expositis
1067 402 1118 441 sno

106 473 186 512 more
199 457 289 512 fusius
303 457 449 526 aliquanto
464 475 498 512 ao
511 457 597 513 latius
612 457 688 512 dicit.
716 455 875 512 Probantur
887 457 1119 529 philosophorum

105 529 260 598 praecepta
282 528 371 583 fortes
395 529 531 598 quasdam
554 527 707 582 sententias
736 529 924 597 sequentium,
951 528 1118 598 Peripateti·

3 647 4 652 ,
64 639 70 645 η.
107 614 205 652 corum
237 614 293 653 non
324 597 392 653 item
428 597 671 668 pertmbationum
702 597 912 654 mediocritates
938 598 1118 668 probantium

107 671 180 750 (cap.
202 672 252 739 10).
294 669 438 739 Apparere
462 671 557 724 antem
581 668 684 723 dieitur
700 685 757 724 non
780 669 870 724 solnm
888 670 978 726 omnis
996 669 1118 739 aegritu·

108 739 198 808 dims,
226 756 324 795 verum
351 741 508 794 ceterarum
534 739 621 794 etiam
647 739 891 820 perturbationum
918 757 1029 796 oausam
1058 755 1118 794 esse

107 810 143 866 ab
163 809 295 880 opinione
312 811 507 880 repetendam,
530 812 560 866 et
582 809 767 880 aegritudinis
791 809 904 880 quidem
926 811 962 866 ab
987 809 1118 880 opinione

107 879 205 950 magni
217 881 299 950 mali,
319 880 396 936 cuius
411 879 536 935 definitio
551 879 687 935 subicitur
701 881 759 936 eius
773 881 863 936 modi:
883 897 943 936 esse
959 881 1119 951 opinionem

106 951 297 1076 didisti}
318 950 487 1077 titud*
504 952 717 1077 tutudit
732 951 1119 1092 ‘tid‘tdpiiiiffl‘ix‘iit

109 1065 272 1148 definitione
289 1093 320 1146 in
336 1093 388 1148 tris
406 1095 502 1162 partes
520 1092 581 1147 abit
599 1091 766 1162 disputatio,
790 1039 908 1163 quain
925 1094 1017 1164 prima
1036 1093 1119 1148 docet

107 1163 313 1234 aegritudinem
340 1179 401 1218 esse
429 1180 463 1218 ex
489 1163 621 1234 opinione
647 1163 717 1218 mali
743 1165 814 1234 (cap.
843 1171 889 1234 12,
921 1168 980 1234 13),
1006 1165 1036 1218 in
1064 1179 1119 1232 qua

108 1234 263 1303 Epicurum
292 1233 411 1303 refellit,
444 1233 492 1302 qui
517 1233 610 1304 ipsam
637 1233 798 1304 opinionem
826 1251 886 1291 esse
914 1233 1119 1306 aegritudinem

109 1305 275 1373 contendat,
301 1307 331 1360 et
355 1303 537 1374 Cyrenaicos,
563 1303 611 1373 qni
635 1319 692 1360 non
713 1307 814 1376 putent
830 1307 924 1362 valere
943 1307 980 1362 ad
997 1307 1119 1376 aegritu·

3 1381 5 1448 ,
109 1375 204 1430 dinem
217 1375 272 1430 nisi
285 1375 462 1446 inopinatum
475 1376 595 1444 malum,
615 1375 702 1444 qnod,
722 1393 890 1446 quamquam
904 1377 1049 1447 insperata
1062 1377 1120 1431 sint

3 1457 4 1510 t
109 1447 240 1517 gravima
257 1446 367 1516 etipsa
384 1445 603 1516 praemeditatio
622 1446 827 1516 aengtudinem
840 1447 949 1503 minuat
962 1449 1033 1516 (cap.
1050 1453 1119 1502 13-

111 1521 171 1587 15),
194 1519 226 1572 ut
247 1517 347 1572 merito
370 1517 610 1588 reprehendantur
631 1517 777 1588 Epicurei,
803 1519 852 1586 qui
868 1519 952 1574 istam
970 1518 1119 1588 reprehen-

3 1617 5 1650 u
110 1589 179 1642 dant
204 1589 275 1658 (cap.
295 1591 341 1658 16)
363 1590 393 1642 et
415 1587 601 1658 cogitationes
624 1587 719 1657 potius
738 1588 775 1643 ad
792 1588 952 1658 voluptates
969 1588 1120 1643 traducant

3 1657 4 1684 ¹
109 1671 247 1727 corpora,
271 1661 321 1713 aut
348 1674 419 1727 quae
442 1659 558 1729 propter
581 1673 681 1727 corpus
707 1658 754 1713 vel
776 1659 970 1714 recordatione
996 1660 1043 1714 vel
1070 1674 1119 1728 spe

109 1729 364 1812 cogitenturmap.
385 1732 522 1798 17-21),
548 1731 645 1784 tamen
661 1728 692 1782 in
708 1728 764 1784 isto
782 1744 839 1784 non
857 1729 913 1784 sint
931 1729 1037 1798 omnia,
1056 1746 1120 1784 oum

3 1809 4 1864 j
109 1803 140 1856 et
160 1817 218 1854 nou
240 1801 418 1871 opinatorem
440 1801 542 1856 natura
559 1799 735 1855 considerata
753 1799 947 1883 intellegatur,
969 1802 1120 1882 propterea

109 1873 220 1925 tantum
234 1887 337 1941 magna
350 1871 453 1939 videri,
473 1871 560 1940 quod,
580 1871 685 1939 quanta
699 1869 768 1940 sint,
788 1869 984 1927 considerandi
996 1873 1120 1940 spatium

3 1941 4 1970 i
109 1957 168 1996 non
193 1941 287 2010 detur,
315 1943 344 1996 et
371 1941 450 2010 quasi
478 1941 562 2012 culpa
589 1942 765 1996 contractum
793 1957 873 1996 omne
895 1957 953 1996 non
976 1941 1120 2011 provisum

3 2023 5 2030 ’
110 2011 216 2066 malum
238 2011 367 2066 videatur
392 2013 463 2082 (cap.
487 2016 540 2082 22).
577 2012 675 2066 Altera
697 2027 762 2082 pars
786 2013 912 2069 dolorem
928 2012 1119 2068 voluntarium

112 2098 183 2151 esse,
201 2098 258 2137 non
275 2083 306 2137 in
318 2085 419 2138 natura
433 2099 527 2138 rerum
539 2081 603 2152 ipsa
621 2081 718 2152 situm,
737 2099 771 2137 ex
784 2099 818 2138 eo
833 2082 1016 2150 demonstrat,
1035 2085 1119 2153 quod,

111 2170 174 2208 oum
193 2153 312 2208 accessit
333 2153 371 2208 ad
389 2153 550 2224 opinionem
567 2153 663 2224 magni
685 2154 753 2208 mati
775 2155 865 2210 altera
881 2154 932 2210 illa
950 2155 1057 2224 opinio,
1083 2155 1120 2211 ad

112 2222 235 2279 officium
261 2223 402 2294 pertinere
429 2240 513 2296 aegre
540 2224 626 2292 ferre,
658 2224 734 2292 quod
765 2223 912 2294 acciderit,
939 2227 1120 2282 vehementer

112 2297 248 2364 augeatur
266 2293 449 2366 aegritudinis
466 2295 642 2366 perturbatio
661 2297 733 2365 (cap.
753 2301 787 2350 23
805 2301 885 2366 squ).
927 2295 1023 2351 Tertia
1042 2295 1120 2351 deni·

112 2380 165 2433 que
191 2365 246 2420 hoo
273 2367 438 2434 argumento
464 2382 482 2420 a
507 2367 609 2420 natura
635 2381 727 2420 rerum
754 2366 958 2436 aegritudinem
984 2369 1120 2436 removet,

112 2433 186 2502 quod
205 2434 352 2505 aegritudo
370 2435 431 2491 fere
448 2451 505 2490 non
524 2435 561 2489 sit
573 2433 657 2488 ninia
671 2435 778 2491 recenti
795 2437 863 2492 mali
877 2436 1017 2506 opinione,
1036 2452 1119 2504 quae-

112 2521 165 2574 que
183 2505 291 2560 babeat
307 2507 449 2574 quandam
466 2505 652 2572 viriditatem
671 2506 745 2560 unde
762 2506 825 2574 fiat,
849 2509 883 2561 nt
903 2505 964 2576 ipse
987 2505 1048 2560 dies
1073 2507 1120 2562 vel

110 2574 231 2630 maxima
258 2577 429 2646 aegritudini
450 2577 596 2631 medea-tur
624 2577 696 2646 (cap.
721 2579 773 2645 31).
819 2577 939 2646 Reliqua
966 2576 1119 2646 disputatio

110 2648 239 2702 versatur
257 2645 287 2700 in
299 2645 435 2702 remediis
453 2645 638 2718 aegritudinis
656 2645 801 2702 tradendis
821 2650 893 2718 (cap.
912 2651 961 2716 32,
981 2651 1035 2717 33).

178 2842 340 2920 Quidnam
358 2865 442 2924 esse,
460 2843 574 2928 Brute,
593 2866 709 2911 causae
726 2849 851 2930 putem,
869 2867 938 2932 our,
956 2868 1030 2912 cum
1047 2868 1120 2912 oon·
1140 2824 1157 2886 Ῑ

3 3017 4 3020 ¹
112 2935 235 2998 stemus
258 2953 297 2998 ex
320 2933 429 2999 animo
448 2936 481 2996 et
503 2954 650 3018 corpore,
673 2934 817 3017 eorporis
840 2933 973 2999 curandi
995 2935 1120 3000 tuendi-

3 3047 4 3054 *
112 3043 173 3105 que
203 3042 301 3086 causa
329 3021 476 3106 quaesita
506 3022 550 3085 sit
579 3043 632 3086 ars
665 3025 762 3106 atque
777 3023 860 3088 'eius
891 3023 1016 3088 utilitas
1046 3023 1120 3088 deo·

2 3196 9 3303 p
84 3215 98 3256 ⁵

111 3130 183 3173 rum
206 3109 429 3176 inmortalium
452 3109 630 3175 inventioni
657 3115 857 3196 consecrata,
887 3111 987 3176 animi
1010 3114 1120 3176 autem

112 3197 270 3262 medicina
296 3219 355 3262 neo
381 3200 450 3262 tam
472 3197 654 3262 desiderata
677 3199 734 3282 sit,
762 3203 836 3264 ante
860 3221 956 3283 quam
978 3198 1121 3283 inventa,

111 3307 171 3350 nec
206 3289 274 3350 tam
311 3286 413 3368 culta,
448 3288 661 3370 posteaquam
694 3287 825 3372 cognita
861 3290 924 3371 est,
959 3307 1018 3351 nee
1052 3290 1121 3360 tam

1139 2903 1153 2949 1

3 3375 4 3386 ²
111 3374 222 3439 multis
251 3377 346 3458 grata
369 3376 402 3439 et
428 3373 580 3457 probata,
606 3374 753 3457 pluribus
780 3375 880 3439 etiam
909 3377 1058 3458 suspecta
1088 3378 1121 3440 et
1229 3403 1232 3418 ·

3 3499 4 3528 3
111 3460 237 3526 invisa?
290 3461 344 3526 An
380 3461 466 3544 quod
499 3462 644 3545 eorporis
676 3463 870 3544 gravitatem
907 3465 940 3526 et
976 3462 1120 3528 dolorem

112 3550 221 3615 animo
249 3549 442 3633 iudicamus,
476 3549 575 3614 animi
606 3550 755 3615 morbum
786 3572 919 3637 corpore
950 3571 1017 3616 non
1049 3573 1119 3618 sen-

851 3652 905 3708 23*
