<?xml version="1.0" encoding="UTF-8"?>
<!DOCTYPE html PUBLIC "-//W3C//DTD XHTML 1.0 Transitional//EN"
    "http://www.w3.org/TR/xhtml1/DTD/xhtml1-transitional.dtd">
<html xmlns="http://www.w3.org/1999/xhtml" xml:lang="en" lang="en">
 <head>
  <title>
</title>
<meta http-equiv="Content-Type" content="text/html;charset=utf-8" />
  <meta name='ocr-system' content='tesseract 3.04.00' />
  <meta name='ocr-capabilities' content='ocr_page ocr_carea ocr_par ocr_line ocrx_word'/>
</head>
<body>
  <div class='ocr_page' id='page_1' title='image "./scriptaquaemans00unkngoog_0230.png"; bbox 0 0 2586 3950; ppageno 0'>
   <div class='ocr_carea' id='block_1_1' title="bbox 350 206 1116 275">
    <p class='ocr_par' dir='ltr' id='par_1_1' title="bbox 350 206 1116 275">
     <span class='ocr_line' id='line_1_1' title="bbox 350 206 1116 275; baseline 0.017 -15"><span class='ocrx_word' id='word_1_1' title='bbox 350 207 416 260; x_wconf 77' lang='lat' dir='ltr'>ure.</span> <span class='ocrx_word' id='word_1_2' title='bbox 435 207 482 262; x_wconf 90' lang='lat'><em>111.</em></span> <span class='ocrx_word' id='word_1_3' title='bbox 512 206 589 264; x_wconf 70' lang='lat' dir='ltr'>css.</span> <span class='ocrx_word' id='word_1_4' title='bbox 608 213 637 275; x_wconf 76' lang='grc' dir='ltr'>ι,</span> <span class='ocrx_word' id='word_1_5' title='bbox 657 213 682 264; x_wconf 81' lang='lat' dir='ltr'>a.</span> <span class='ocrx_word' id='word_1_6' title='bbox 711 213 725 274; x_wconf 74' lang='lat' dir='ltr'>s</span> <span class='ocrx_word' id='word_1_7' title='bbox 749 214 870 264; x_wconf 82' lang='lat' dir='ltr'>12-1r.</span> <span class='ocrx_word' id='word_1_8' title='bbox 1053 209 1116 272; x_wconf 71' lang='lat'>171</span> 
     </span>
    </p>
   </div>
   <div class='ocr_carea' id='block_1_2' title="bbox 67 368 1247 3623">
    <p class='ocr_par' dir='ltr' id='par_1_2' title="bbox 13 368 1247 3623">
     <span class='ocr_line' id='line_1_2' title="bbox 107 368 1117 454; baseline 0 -20"><span class='ocrx_word' id='word_1_9' title='bbox 107 389 204 453; x_wconf 85' lang='lat' dir='ltr'>quam</span> <span class='ocrx_word' id='word_1_10' title='bbox 231 368 477 452; x_wconf 72' lang='lat' dir='ltr'>protgmenis</span> <span class='ocrx_word' id='word_1_11' title='bbox 501 372 534 432; x_wconf 85' lang='lat' dir='ltr'>et</span> <span class='ocrx_word' id='word_1_12' title='bbox 561 370 881 454; x_wconf 77' lang='lat' dir='ltr'>apoproiigmenis</span> <span class='ocrx_word' id='word_1_13' title='bbox 912 371 1117 453; x_wconf 83' lang='lat' dir='ltr'>concedatur;</span> 
     </span>
     <span class='ocr_line' id='line_1_3' title="bbox 107 456 1118 541; baseline 0.002 -21"><span class='ocrx_word' id='word_1_14' title='bbox 107 479 303 541; x_wconf 88' lang='lat' dir='ltr'>quamquam</span> <span class='ocrx_word' id='word_1_15' title='bbox 321 456 400 520; x_wconf 92' lang='lat' dir='ltr'>haec</span> <span class='ocrx_word' id='word_1_16' title='bbox 420 456 549 541; x_wconf 86' lang='lat' dir='ltr'>quidem</span> <span class='ocrx_word' id='word_1_17' title='bbox 566 459 795 540; x_wconf 86' lang='lat' dir='ltr'>praeposita</span> <span class='ocrx_word' id='word_1_18' title='bbox 812 462 900 522; x_wconf 88' lang='lat' dir='ltr'>recte</span> <span class='ocrx_word' id='word_1_19' title='bbox 918 462 952 522; x_wconf 87' lang='lat' dir='ltr'>et</span> <span class='ocrx_word' id='word_1_20' title='bbox 970 459 1118 522; x_wconf 89' lang='lat' dir='ltr'>reiecta</span> 
     </span>
     <span class='ocr_line' id='line_1_4' title="bbox 108 543 1169 630; baseline -0.001 -22"><span class='ocrx_word' id='word_1_21' title='bbox 108 544 223 610; x_wconf 82' lang='lat' dir='ltr'><strong>dicere</strong></span> <span class='ocrx_word' id='word_1_22' title='bbox 237 544 358 608; x_wconf 84' lang='lat' dir='ltr'>licebit.</span> <span class='ocrx_word' id='word_1_23' title='bbox 407 543 496 608; x_wconf 89' lang='lat' dir='ltr'>Bene</span> <span class='ocrx_word' id='word_1_24' title='bbox 523 544 655 627; x_wconf 90' lang='lat' dir='ltr'>facis,</span> <span class='ocrx_word' id='word_1_25' title='bbox 645 545 763 630; x_wconf 77' lang='lat' dir='ltr'>lnquit,</span> <span class='ocrx_word' id='word_1_26' title='bbox 791 545 1169 629; x_wconf 83' lang='lat' dir='ltr'>quodmeadiuvas,1o</span> 
     </span>
     <span class='ocr_line' id='line_1_5' title="bbox 109 631 1118 717; baseline 0.001 -21.062"><span class='ocrx_word' id='word_1_27' title='bbox 109 633 242 698; x_wconf 82' lang='lat' dir='ltr'>stistis</span> <span class='ocrx_word' id='word_1_28' title='bbox 271 631 413 716; x_wconf 88' lang='lat' dir='ltr'>quidem,</span> <span class='ocrx_word' id='word_1_29' title='bbox 442 653 524 716; x_wconf 89' lang='lat' dir='ltr'>quae</span> <span class='ocrx_word' id='word_1_30' title='bbox 551 632 646 697; x_wconf 87' lang='lat' dir='ltr'>modo</span> <span class='ocrx_word' id='word_1_31' title='bbox 674 633 799 716; x_wconf 76' lang='lat' dir='ltr'><strong>dixisti,</strong></span> <span class='ocrx_word' id='word_1_32' title='bbox 825 637 900 698; x_wconf 88' lang='lat' dir='ltr'>uter</span> <span class='ocrx_word' id='word_1_33' title='bbox 926 635 1034 717; x_wconf 88' lang='lat' dir='ltr'>potius</span> <span class='ocrx_word' id='word_1_34' title='bbox 1057 633 1118 697; x_wconf 89' lang='lat' dir='ltr'>La-</span> 
     </span>
     <span class='ocr_line' id='line_1_6' title="bbox 83 719 1117 804; baseline 0.002 -21.052"><span class='ocrx_word' id='word_1_35' title='bbox 83 720 238 803; x_wconf 75' lang='lat' dir='ltr'>atthis,</span> <span class='ocrx_word' id='word_1_36' title='bbox 228 741 263 783; x_wconf 91' lang='lat'>111</span> <span class='ocrx_word' id='word_1_37' title='bbox 291 720 404 784; x_wconf 86' lang='lat' dir='ltr'>ceteris</span> <span class='ocrx_word' id='word_1_38' title='bbox 433 719 616 804; x_wconf 82' lang='lat' dir='ltr'>subvenies,</span> <span class='ocrx_word' id='word_1_39' title='bbox 645 721 673 784; x_wconf 93' lang='lat' dir='ltr'>si</span> <span class='ocrx_word' id='word_1_40' title='bbox 696 743 747 785; x_wconf 89' lang='lat' dir='ltr'>me</span> <span class='ocrx_word' id='word_1_41' title='bbox 772 720 908 786; x_wconf 80' lang='lat' dir='ltr'>haerent</span> <span class='ocrx_word' id='word_1_42' title='bbox 893 724 959 785; x_wconf 88' lang='lat' dir='ltr'>tem</span> <span class='ocrx_word' id='word_1_43' title='bbox 982 722 1117 786; x_wconf 80' lang='lat' dir='ltr'>videbis.</span> 
     </span>
     <span class='ocr_line' id='line_1_7' title="bbox 109 805 1117 892; baseline 0 -20"><span class='ocrx_word' id='word_1_44' title='bbox 109 805 240 890; x_wconf 82' lang='lat' dir='ltr'>Sedulo,</span> <span class='ocrx_word' id='word_1_45' title='bbox 267 807 410 891; x_wconf 90' lang='lat' dir='ltr'>inquam,</span> <span class='ocrx_word' id='word_1_46' title='bbox 438 806 565 874; x_wconf 88' lang='lat' dir='ltr'>faciam.</span> <span class='ocrx_word' id='word_1_47' title='bbox 616 805 677 873; x_wconf 83' lang='lat' dir='ltr'>Sed</span> <span class='ocrx_word' id='word_1_48' title='bbox 701 808 843 874; x_wconf 77' lang='lat' dir='ltr'>‘fortuna</span> <span class='ocrx_word' id='word_1_49' title='bbox 867 808 990 886; x_wconf 81' lang='lat' dir='ltr'>fortis&#39;3</span> <span class='ocrx_word' id='word_1_50' title='bbox 1020 830 1117 892; x_wconf 86' lang='lat' dir='ltr'>quare</span> 
     </span>
     <span class='ocr_line' id='line_1_8' title="bbox 109 895 1117 981; baseline 0 -21"><span class='ocrx_word' id='word_1_51' title='bbox 109 917 239 977; x_wconf 87' lang='lat' dir='ltr'>conare,</span> <span class='ocrx_word' id='word_1_52' title='bbox 279 916 407 979; x_wconf 81' lang='lat' dir='ltr'>quaeso.</span> <span class='ocrx_word' id='word_1_53' title='bbox 466 895 551 971; x_wconf 80' lang='lat' dir='ltr'>Quid</span> <span class='ocrx_word' id='word_1_54' title='bbox 587 896 671 960; x_wconf 90' lang='lat' dir='ltr'>enim</span> <span class='ocrx_word' id='word_1_55' title='bbox 711 918 882 980; x_wconf 90' lang='lat' dir='ltr'>possumus</span> <span class='ocrx_word' id='word_1_56' title='bbox 923 897 986 963; x_wconf 90' lang='lat' dir='ltr'>hoc</span> <span class='ocrx_word' id='word_1_57' title='bbox 1021 917 1117 981; x_wconf 88' lang='lat' dir='ltr'>agere</span> 
     </span>
     <span class='ocr_line' id='line_1_9' title="bbox 109 983 271 1048; baseline 0 -1"><span class='ocrx_word' id='word_1_58' title='bbox 109 983 271 1048; x_wconf 83' lang='lat' dir='ltr'>divinius?</span> 
     </span>
     <span class='ocr_line' id='line_1_10' title="bbox 174 1071 1157 1158; baseline -0.002 -22"><span class='ocrx_word' id='word_1_59' title='bbox 174 1071 287 1136; x_wconf 91' lang='lat' dir='ltr'>Placet</span> <span class='ocrx_word' id='word_1_60' title='bbox 317 1071 383 1154; x_wconf 86' lang='lat' dir='ltr'>his,</span> <span class='ocrx_word' id='word_1_61' title='bbox 414 1071 531 1156; x_wconf 83' lang='lat' dir='ltr'>inquit,</span> <span class='ocrx_word' id='word_1_62' title='bbox 563 1092 698 1157; x_wconf 88' lang='lat' dir='ltr'>quorum</span> <span class='ocrx_word' id='word_1_63' title='bbox 730 1073 814 1138; x_wconf 85' lang='lat' dir='ltr'>ratio</span> <span class='ocrx_word' id='word_1_64' title='bbox 841 1074 922 1139; x_wconf 91' lang='lat' dir='ltr'>mihi</span> <span class='ocrx_word' id='word_1_65' title='bbox 954 1073 1157 1158; x_wconf 88' lang='lat' dir='ltr'>probatur,5</span> 
     </span>
     <span class='ocr_line' id='line_1_11' title="bbox 71 1159 1117 1245; baseline 0.001 -23"><span class='ocrx_word' id='word_1_66' title='bbox 71 1185 97 1223; x_wconf 79' lang='grc' dir='ltr'>ιο</span> <span class='ocrx_word' id='word_1_67' title='bbox 111 1159 305 1242; x_wconf 72' lang='lat' dir='ltr'>simulatque</span> <span class='ocrx_word' id='word_1_68' title='bbox 332 1163 446 1224; x_wconf 88' lang='lat' dir='ltr'>natum</span> <span class='ocrx_word' id='word_1_69' title='bbox 475 1159 519 1223; x_wconf 89' lang='lat' dir='ltr'>sit</span> <span class='ocrx_word' id='word_1_70' title='bbox 546 1160 670 1224; x_wconf 87' lang='lat' dir='ltr'>animal</span> <span class='ocrx_word' id='word_1_71' title='bbox 697 1159 788 1245; x_wconf 91' lang='lat' dir='ltr'>(hinc</span> <span class='ocrx_word' id='word_1_72' title='bbox 811 1163 897 1225; x_wconf 89' lang='lat' dir='ltr'>enim</span> <span class='ocrx_word' id='word_1_73' title='bbox 920 1165 970 1226; x_wconf 86' lang='lat' dir='ltr'>est</span> <span class='ocrx_word' id='word_1_74' title='bbox 994 1161 1117 1226; x_wconf 86' lang='lat' dir='ltr'>ordien-</span> 
     </span>
     <span class='ocr_line' id='line_1_12' title="bbox 110 1245 1119 1332; baseline 0.002 -22"><span class='ocrx_word' id='word_1_75' title='bbox 110 1245 214 1332; x_wconf 85' lang='lat' dir='ltr'>dum),</span> <span class='ocrx_word' id='word_1_76' title='bbox 238 1247 345 1330; x_wconf 89' lang='lat' dir='ltr'>ipsum</span> <span class='ocrx_word' id='word_1_77' title='bbox 368 1247 432 1311; x_wconf 85' lang='lat' dir='ltr'>sibi</span> <span class='ocrx_word' id='word_1_78' title='bbox 456 1246 623 1312; x_wconf 78' lang='lat' dir='ltr'>conciliari</span> <span class='ocrx_word' id='word_1_79' title='bbox 641 1251 674 1312; x_wconf 91' lang='lat' dir='ltr'>et</span> <span class='ocrx_word' id='word_1_80' title='bbox 692 1249 908 1314; x_wconf 88' lang='lat' dir='ltr'>commendari</span> <span class='ocrx_word' id='word_1_81' title='bbox 928 1249 969 1314; x_wconf 89' lang='lat' dir='ltr'>ad</span> <span class='ocrx_word' id='word_1_82' title='bbox 988 1271 1022 1316; x_wconf 92' lang='lat' dir='ltr'>se</span> <span class='ocrx_word' id='word_1_83' title='bbox 1045 1270 1119 1314; x_wconf 90' lang='lat' dir='ltr'>con-</span> 
     </span>
     <span class='ocr_line' id='line_1_13' title="bbox 111 1334 1118 1420; baseline 0.001 -22"><span class='ocrx_word' id='word_1_84' title='bbox 111 1334 302 1400; x_wconf 78' lang='lat' dir='ltr'>servandum</span> <span class='ocrx_word' id='word_1_85' title='bbox 334 1338 368 1398; x_wconf 86' lang='lat' dir='ltr'>ct</span> <span class='ocrx_word' id='word_1_86' title='bbox 399 1335 440 1399; x_wconf 86' lang='lat' dir='ltr'>ad</span> <span class='ocrx_word' id='word_1_87' title='bbox 468 1356 561 1398; x_wconf 89' lang='lat' dir='ltr'>suum</span> <span class='ocrx_word' id='word_1_88' title='bbox 588 1338 709 1400; x_wconf 87' lang='lat' dir='ltr'>statum</span> <span class='ocrx_word' id='word_1_89' title='bbox 737 1358 850 1420; x_wconf 88' lang='lat' dir='ltr'>eaque,</span> <span class='ocrx_word' id='word_1_90' title='bbox 882 1358 963 1420; x_wconf 89' lang='lat' dir='ltr'>quae</span> <span class='ocrx_word' id='word_1_91' title='bbox 994 1357 1118 1402; x_wconf 90' lang='lat' dir='ltr'>conser-</span> 
     </span>
     <span class='ocr_line' id='line_1_14' title="bbox 67 1421 1117 1508; baseline 0.001 -22"><span class='ocrx_word' id='word_1_92' title='bbox 67 1421 71 1425; x_wconf 75' lang='grc'><strong><em>’</em></strong></span> <span class='ocrx_word' id='word_1_93' title='bbox 109 1423 221 1488; x_wconf 87' lang='lat' dir='ltr'>vantia</span> <span class='ocrx_word' id='word_1_94' title='bbox 237 1427 322 1499; x_wconf 50' lang='lat' dir='ltr'>¹sunt</span> <span class='ocrx_word' id='word_1_95' title='bbox 344 1423 412 1487; x_wconf 90' lang='lat' dir='ltr'>eius</span> <span class='ocrx_word' id='word_1_96' title='bbox 435 1425 552 1506; x_wconf 87' lang='lat' dir='ltr'>status,</span> <span class='ocrx_word' id='word_1_97' title='bbox 581 1421 757 1508; x_wconf 83' lang='lat' dir='ltr'>diligenda,</span> <span class='ocrx_word' id='word_1_98' title='bbox 785 1425 921 1489; x_wconf 89' lang='lat' dir='ltr'>alienari</span> <span class='ocrx_word' id='word_1_99' title='bbox 944 1427 1053 1489; x_wconf 90' lang='lat' dir='ltr'>autem</span> <span class='ocrx_word' id='word_1_100' title='bbox 1077 1425 1117 1488; x_wconf 93' lang='lat' dir='ltr'>ab</span> 
     </span>
     <span class='ocr_line' id='line_1_15' title="bbox 111 1510 1118 1595; baseline 0.001 -21"><span class='ocrx_word' id='word_1_101' title='bbox 111 1510 245 1575; x_wconf 83' lang='lat' dir='ltr'>interitu</span> <span class='ocrx_word' id='word_1_102' title='bbox 281 1511 384 1595; x_wconf 90' lang='lat' dir='ltr'>iisque</span> <span class='ocrx_word' id='word_1_103' title='bbox 416 1511 529 1594; x_wconf 88' lang='lat' dir='ltr'>rebus,</span> <span class='ocrx_word' id='word_1_104' title='bbox 560 1533 642 1595; x_wconf 91' lang='lat' dir='ltr'>quae</span> <span class='ocrx_word' id='word_1_105' title='bbox 673 1512 843 1576; x_wconf 87' lang='lat' dir='ltr'>interitum</span> <span class='ocrx_word' id='word_1_106' title='bbox 874 1513 1043 1577; x_wconf 83' lang='lat' dir='ltr'>videantur</span> <span class='ocrx_word' id='word_1_107' title='bbox 1073 1511 1118 1576; x_wconf 87' lang='lat' dir='ltr'>af-</span> 
     </span>
     <span class='ocr_line' id='line_1_16' title="bbox 74 1597 1118 1685; baseline 0.003 -25"><span class='ocrx_word' id='word_1_108' title='bbox 74 1597 205 1663; x_wconf 72' lang='lat' dir='ltr'>referre.</span> <span class='ocrx_word' id='word_1_109' title='bbox 258 1598 301 1670; x_wconf 15' lang='lat' dir='ltr'>*Id</span> <span class='ocrx_word' id='word_1_110' title='bbox 336 1599 383 1663; x_wconf 86' lang='lat' dir='ltr'>ita</span> <span class='ocrx_word' id='word_1_111' title='bbox 419 1619 490 1663; x_wconf 87' lang='lat' dir='ltr'>esse</span> <span class='ocrx_word' id='word_1_112' title='bbox 522 1600 568 1664; x_wconf 87' lang='lat' dir='ltr'>sic</span> <span class='ocrx_word' id='word_1_113' title='bbox 597 1599 752 1683; x_wconf 89' lang='lat' dir='ltr'>probant,</span> <span class='ocrx_word' id='word_1_114' title='bbox 784 1600 869 1684; x_wconf 88' lang='lat' dir='ltr'>quod</span> <span class='ocrx_word' id='word_1_115' title='bbox 902 1604 989 1683; x_wconf 85' lang='lat' dir='ltr'>ante,</span> <span class='ocrx_word' id='word_1_116' title='bbox 1022 1621 1118 1685; x_wconf 92' lang='lat' dir='ltr'>quam</span> 
     </span>
     <span class='ocr_line' id='line_1_17' title="bbox 111 1685 1118 1772; baseline 0.001 -23"><span class='ocrx_word' id='word_1_117' title='bbox 111 1687 261 1770; x_wconf 87' lang='lat' dir='ltr'>voluptas</span> <span class='ocrx_word' id='word_1_118' title='bbox 285 1690 343 1751; x_wconf 88' lang='lat' dir='ltr'>aut</span> <span class='ocrx_word' id='word_1_119' title='bbox 365 1685 457 1752; x_wconf 91' lang='lat' dir='ltr'>dolor</span> <span class='ocrx_word' id='word_1_120' title='bbox 480 1687 641 1770; x_wconf 84' lang='lat' dir='ltr'>attigerit,</span> <span class='ocrx_word' id='word_1_121' title='bbox 668 1688 823 1752; x_wconf 88' lang='lat' dir='ltr'>salutaria</span> <span class='ocrx_word' id='word_1_122' title='bbox 846 1690 1002 1772; x_wconf 88' lang='lat' dir='ltr'>appetant</span> <span class='ocrx_word' id='word_1_123' title='bbox 1024 1689 1118 1771; x_wconf 89' lang='lat' dir='ltr'>parvi</span> 
     </span>
     <span class='ocr_line' id='line_1_18' title="bbox 113 1775 1119 1859; baseline 0 -21"><span class='ocrx_word' id='word_1_124' title='bbox 113 1779 387 1858; x_wconf 75' lang='lat' dir='ltr'>aspernenturque</span> <span class='ocrx_word' id='word_1_125' title='bbox 405 1775 581 1858; x_wconf 87' lang='lat' dir='ltr'>contraria,</span> <span class='ocrx_word' id='word_1_126' title='bbox 604 1775 691 1858; x_wconf 89' lang='lat' dir='ltr'>quod</span> <span class='ocrx_word' id='word_1_127' title='bbox 708 1794 774 1841; x_wconf 90' lang='lat' dir='ltr'>non</span> <span class='ocrx_word' id='word_1_128' title='bbox 791 1777 895 1859; x_wconf 86' lang='lat' dir='ltr'>fieret,</span> <span class='ocrx_word' id='word_1_129' title='bbox 915 1776 979 1841; x_wconf 90' lang='lat' dir='ltr'>nisi</span> <span class='ocrx_word' id='word_1_130' title='bbox 998 1779 1119 1840; x_wconf 85' lang='lat' dir='ltr'>statum</span> 
     </span>
     <span class='ocr_line' id='line_1_19' title="bbox 113 1862 1247 1947; baseline -0.001 -20"><span class='ocrx_word' id='word_1_131' title='bbox 113 1883 206 1927; x_wconf 91' lang='lat' dir='ltr'>suum</span> <span class='ocrx_word' id='word_1_132' title='bbox 228 1862 412 1947; x_wconf 80' lang='lat' dir='ltr'>diligerent,</span> <span class='ocrx_word' id='word_1_133' title='bbox 434 1863 601 1928; x_wconf 88' lang='lat' dir='ltr'>interitum</span> <span class='ocrx_word' id='word_1_134' title='bbox 623 1863 784 1929; x_wconf 85' lang='lat' dir='ltr'>timerent.</span> <span class='ocrx_word' id='word_1_135' title='bbox 820 1863 907 1928; x_wconf 86' lang='lat' dir='ltr'>Fieri</span> <span class='ocrx_word' id='word_1_136' title='bbox 926 1867 1034 1928; x_wconf 90' lang='lat' dir='ltr'>autem</span> <span class='ocrx_word' id='word_1_137' title='bbox 1054 1884 1119 1927; x_wconf 89' lang='lat' dir='ltr'>non</span> <span class='ocrx_word' id='word_1_138' title='bbox 1243 1906 1247 1910; x_wconf 96' lang='lat'>-</span> 
     </span>
     <span class='ocr_line' id='line_1_20' title="bbox 112 1951 1120 2036; baseline -0.001 -22"><span class='ocrx_word' id='word_1_139' title='bbox 112 1954 236 2034; x_wconf 88' lang='lat' dir='ltr'>posset,</span> <span class='ocrx_word' id='word_1_140' title='bbox 262 1955 300 2014; x_wconf 90' lang='lat' dir='ltr'>ut</span> <span class='ocrx_word' id='word_1_141' title='bbox 327 1953 515 2035; x_wconf 85' lang='lat' dir='ltr'>appeterent</span> <span class='ocrx_word' id='word_1_142' title='bbox 542 1951 677 2036; x_wconf 87' lang='lat' dir='ltr'>aliquid,</span> <span class='ocrx_word' id='word_1_143' title='bbox 708 1952 773 2016; x_wconf 90' lang='lat' dir='ltr'>nisi</span> <span class='ocrx_word' id='word_1_144' title='bbox 800 1973 930 2017; x_wconf 89' lang='lat' dir='ltr'>sensum</span> <span class='ocrx_word' id='word_1_145' title='bbox 962 1951 1120 2016; x_wconf 89' lang='lat' dir='ltr'>haberent</span> 
     </span>
     <span class='ocr_line' id='line_1_21' title="bbox 74 2039 1120 2125; baseline 0.002 -23.89"><span class='ocrx_word' id='word_1_146' title='bbox 74 2062 100 2101; x_wconf 83' lang='lat' dir='ltr'>sc</span> <span class='ocrx_word' id='word_1_147' title='bbox 113 2040 163 2104; x_wconf 91' lang='lat' dir='ltr'>sui</span> <span class='ocrx_word' id='word_1_148' title='bbox 185 2059 285 2122; x_wconf 86' lang='lat' dir='ltr'>eoque</span> <span class='ocrx_word' id='word_1_149' title='bbox 308 2061 343 2103; x_wconf 88' lang='lat' dir='ltr'>se</span> <span class='ocrx_word' id='word_1_150' title='bbox 366 2039 545 2123; x_wconf 80' lang='lat' dir='ltr'>diligerent</span> <span class='ocrx_word' id='word_1_151' title='bbox 586 2039 636 2104; x_wconf 77' lang='lat' dir='ltr'>Ex</span> <span class='ocrx_word' id='word_1_152' title='bbox 660 2062 723 2124; x_wconf 90' lang='lat' dir='ltr'>quo</span> <span class='ocrx_word' id='word_1_153' title='bbox 746 2040 892 2125; x_wconf 80' lang='lat' dir='ltr'>intellegi</span> <span class='ocrx_word' id='word_1_154' title='bbox 916 2040 1012 2105; x_wconf 89' lang='lat' dir='ltr'>debet</span> <span class='ocrx_word' id='word_1_155' title='bbox 1034 2040 1120 2122; x_wconf 89' lang='lat' dir='ltr'>prin·</span> 
     </span>
     <span class='ocr_line' id='line_1_22' title="bbox 113 2126 1171 2212; baseline -0.002 -20"><span class='ocrx_word' id='word_1_156' title='bbox 113 2127 232 2210; x_wconf 89' lang='lat' dir='ltr'>eipium</span> <span class='ocrx_word' id='word_1_157' title='bbox 264 2126 395 2192; x_wconf 87' lang='lat' dir='ltr'>ductum</span> <span class='ocrx_word' id='word_1_158' title='bbox 427 2148 497 2192; x_wconf 87' lang='lat' dir='ltr'>esse</span> <span class='ocrx_word' id='word_1_159' title='bbox 529 2150 550 2192; x_wconf 88' lang='lat' dir='ltr'>a</span> <span class='ocrx_word' id='word_1_160' title='bbox 581 2149 615 2192; x_wconf 89' lang='lat' dir='ltr'>se</span> <span class='ocrx_word' id='word_1_161' title='bbox 651 2128 823 2212; x_wconf 86' lang='lat' dir='ltr'>diligendo.</span> <span class='ocrx_word' id='word_1_162' title='bbox 880 2127 920 2194; x_wconf 92' lang='lat' dir='ltr'>In</span> <span class='ocrx_word' id='word_1_163' title='bbox 950 2127 1118 2211; x_wconf 82' lang='lat' dir='ltr'>principiis</span> <span class='ocrx_word' id='word_1_164' title='bbox 1139 2143 1171 2191; x_wconf 84' lang='lat' dir='ltr'>rr</span> 
     </span>
     <span class='ocr_line' id='line_1_23' title="bbox 113 2213 1119 2300; baseline 0.001 -21"><span class='ocrx_word' id='word_1_165' title='bbox 113 2219 221 2280; x_wconf 89' lang='lat' dir='ltr'>autem</span> <span class='ocrx_word' id='word_1_166' title='bbox 248 2214 450 2280; x_wconf 70' lang='lat' dir='ltr'>naturalibus</span> <span class='ocrx_word' id='word_1_167' title='bbox 476 2215 621 2300; x_wconf 88' lang='lat' dir='ltr'>plerique</span> <span class='ocrx_word' id='word_1_168' title='bbox 645 2213 743 2280; x_wconf 82' lang='lat' dir='ltr'>Stoici</span> <span class='ocrx_word' id='word_1_169' title='bbox 770 2238 837 2283; x_wconf 90' lang='lat' dir='ltr'>non</span> <span class='ocrx_word' id='word_1_170' title='bbox 864 2219 982 2300; x_wconf 88' lang='lat' dir='ltr'>putant</span> <span class='ocrx_word' id='word_1_171' title='bbox 1008 2217 1119 2298; x_wconf 80' lang='lat' dir='ltr'>volup-</span> 
     </span>
     <span class='ocr_line' id='line_1_24' title="bbox 112 2303 1119 2390; baseline -0.001 -22"><span class='ocrx_word' id='word_1_172' title='bbox 112 2307 215 2368; x_wconf 87' lang='lat' dir='ltr'>tatem</span> <span class='ocrx_word' id='word_1_173' title='bbox 242 2313 312 2367; x_wconf 80' lang='lat' dir='ltr'>e&#39;sse</span> <span class='ocrx_word' id='word_1_174' title='bbox 339 2303 530 2388; x_wconf 88' lang='lat' dir='ltr'>ponendam.</span> <span class='ocrx_word' id='word_1_175' title='bbox 584 2303 708 2380; x_wconf 83' lang='lat' dir='ltr'>Quibus</span> <span class='ocrx_word' id='word_1_176' title='bbox 740 2325 800 2390; x_wconf 87' lang='lat' dir='ltr'>ego</span> <span class='ocrx_word' id='word_1_177' title='bbox 833 2304 1039 2369; x_wconf 88' lang='lat' dir='ltr'>vehementer</span> <span class='ocrx_word' id='word_1_178' title='bbox 1071 2325 1119 2368; x_wconf 87' lang='lat' dir='ltr'>as·</span> 
     </span>
     <span class='ocr_line' id='line_1_25' title="bbox 115 2390 1119 2477; baseline -0.002 -21"><span class='ocrx_word' id='word_1_179' title='bbox 115 2392 249 2475; x_wconf 86' lang='lat' dir='ltr'>sentior,</span> <span class='ocrx_word' id='word_1_180' title='bbox 285 2413 342 2476; x_wconf 83' lang='lat' dir='ltr'>ue,</span> <span class='ocrx_word' id='word_1_181' title='bbox 374 2393 403 2456; x_wconf 90' lang='lat' dir='ltr'>si</span> <span class='ocrx_word' id='word_1_182' title='bbox 439 2394 639 2477; x_wconf 83' lang='lat' dir='ltr'>voluptatem</span> <span class='ocrx_word' id='word_1_183' title='bbox 671 2396 788 2458; x_wconf 85' lang='lat' dir='ltr'>natura</span> <span class='ocrx_word' id='word_1_184' title='bbox 823 2393 972 2475; x_wconf 87' lang='lat' dir='ltr'>posuisse</span> <span class='ocrx_word' id='word_1_185' title='bbox 1009 2392 1045 2456; x_wconf 91' lang='lat' dir='ltr'>in</span> <span class='ocrx_word' id='word_1_186' title='bbox 1079 2390 1119 2455; x_wconf 90' lang='lat' dir='ltr'>iis</span> 
     </span>
     <span class='ocr_line' id='line_1_26' title="bbox 74 2479 1120 2566; baseline 0 -24"><span class='ocrx_word' id='word_1_187' title='bbox 74 2501 101 2543; x_wconf 81' lang='lat' dir='ltr'>ss</span> <span class='ocrx_word' id='word_1_188' title='bbox 113 2481 210 2552; x_wconf 85' lang='lat' dir='ltr'>rebus</span> <span class='ocrx_word' id='word_1_189' title='bbox 233 2481 393 2563; x_wconf 85' lang='lat' dir='ltr'>videatur,</span> <span class='ocrx_word' id='word_1_190' title='bbox 416 2490 497 2566; x_wconf 84' lang='lat' dir='ltr'>quae</span> <span class='ocrx_word' id='word_1_191' title='bbox 515 2480 638 2565; x_wconf 86' lang='lat' dir='ltr'>primae</span> <span class='ocrx_word' id='word_1_192' title='bbox 658 2484 868 2564; x_wconf 86' lang='lat' dir='ltr'>appetuntur,</span> <span class='ocrx_word' id='word_1_193' title='bbox 891 2481 994 2544; x_wconf 89' lang='lat' dir='ltr'>multa</span> <span class='ocrx_word' id='word_1_194' title='bbox 1011 2479 1120 2562; x_wconf 87' lang='lat' dir='ltr'>turpia</span> 
     </span>
     <span class='ocr_line' id='line_1_27' title="bbox 114 2531 1120 2668; baseline -0.004 -34"><span class='ocrx_word' id='word_1_195' title='bbox 114 2573 298 2653; x_wconf 85' lang='lat' dir='ltr'>sequantur</span> <span class='ocrx_word' id='word_1_196' title='bbox 335 2531 422 2634; x_wconf 82' lang='lat' dir='ltr'>Satis</span> <span class='ocrx_word' id='word_1_197' title='bbox 442 2591 512 2634; x_wconf 89' lang='lat' dir='ltr'>esse</span> <span class='ocrx_word' id='word_1_198' title='bbox 531 2572 638 2634; x_wconf 89' lang='lat' dir='ltr'>autem</span> <span class='ocrx_word' id='word_1_199' title='bbox 657 2569 841 2653; x_wconf 86' lang='lat' dir='ltr'>argumenti</span> <span class='ocrx_word' id='word_1_200' title='bbox 861 2567 1000 2650; x_wconf 85' lang='lat' dir='ltr'>videtur,</span> <span class='ocrx_word' id='word_1_201' title='bbox 1024 2589 1120 2668; x_wconf 89' lang='lat' dir='ltr'>quarn</span> 
     </span>
     <span class='ocr_line' id='line_1_28' title="bbox 115 2645 1120 2743; baseline -0.003 -22"><span class='ocrx_word' id='word_1_202' title='bbox 115 2657 157 2721; x_wconf 91' lang='lat' dir='ltr'>ob</span> <span class='ocrx_word' id='word_1_203' title='bbox 184 2679 252 2722; x_wconf 90' lang='lat' dir='ltr'>rem</span> <span class='ocrx_word' id='word_1_204' title='bbox 281 2657 352 2741; x_wconf 88' lang='lat' dir='ltr'>illa,</span> <span class='ocrx_word' id='word_1_205' title='bbox 385 2679 466 2743; x_wconf 86' lang='lat' dir='ltr'>quae</span> <span class='ocrx_word' id='word_1_206' title='bbox 500 2658 606 2741; x_wconf 88' lang='lat' dir='ltr'>prima</span> <span class='ocrx_word' id='word_1_207' title='bbox 633 2661 710 2722; x_wconf 90' lang='lat' dir='ltr'>sunt</span> <span class='ocrx_word' id='word_1_208' title='bbox 740 2657 862 2723; x_wconf 84' lang='lat' dir='ltr'>adscita</span> <span class='ocrx_word' id='word_1_209' title='bbox 889 2659 947 2742; x_wconf 87' lang='lat' dir='ltr'>nat</span> <span class='ocrx_word' id='word_1_210' title='bbox 948 2678 1018 2739; x_wconf 88' lang='lat' dir='ltr'>ura,</span> <span class='ocrx_word' id='word_1_211' title='bbox 1050 2645 1120 2719; x_wconf 89' lang='lat' dir='ltr'>dili·</span> 
     </span>
     <span class='ocr_line' id='line_1_29' title="bbox 114 2744 1121 2830; baseline -0.002 -20"><span class='ocrx_word' id='word_1_212' title='bbox 114 2765 240 2830; x_wconf 83' lang='lat' dir='ltr'>gamus,</span> <span class='ocrx_word' id='word_1_213' title='bbox 268 2747 353 2830; x_wconf 86' lang='lat' dir='ltr'>quod</span> <span class='ocrx_word' id='word_1_214' title='bbox 381 2749 432 2810; x_wconf 87' lang='lat' dir='ltr'>est</span> <span class='ocrx_word' id='word_1_215' title='bbox 456 2767 565 2829; x_wconf 85' lang='lat' dir='ltr'>nemo,</span> <span class='ocrx_word' id='word_1_216' title='bbox 596 2745 687 2830; x_wconf 85' lang='lat' dir='ltr'>quin,</span> <span class='ocrx_word' id='word_1_217' title='bbox 720 2752 792 2810; x_wconf 87' lang='lat' dir='ltr'>curn</span> <span class='ocrx_word' id='word_1_218' title='bbox 824 2767 845 2808; x_wconf 94' lang='lat' dir='ltr'>u</span> <span class='ocrx_word' id='word_1_219' title='bbox 846 2744 982 2808; x_wconf 86' lang='lat' dir='ltr'>trumvis</span> <span class='ocrx_word' id='word_1_220' title='bbox 1014 2744 1121 2826; x_wconf 85' lang='lat' dir='ltr'>liceat,</span> 
     </span>
     <span class='ocr_line' id='line_1_30' title="bbox 114 2833 1120 2918; baseline -0.003 -20"><span class='ocrx_word' id='word_1_221' title='bbox 114 2837 209 2917; x_wconf 88' lang='lat' dir='ltr'>aptas</span> <span class='ocrx_word' id='word_1_222' title='bbox 232 2834 387 2900; x_wconf 87' lang='lat' dir='ltr'>malitt</span> <span class='ocrx_word' id='word_1_223' title='bbox 353 2838 387 2900; x_wconf 87' lang='lat' dir='ltr'>et</span> <span class='ocrx_word' id='word_1_224' title='bbox 414 2835 558 2918; x_wconf 84' lang='lat' dir='ltr'>integras</span> <span class='ocrx_word' id='word_1_225' title='bbox 587 2834 692 2898; x_wconf 88' lang='lat' dir='ltr'>omnis</span> <span class='ocrx_word' id='word_1_226' title='bbox 721 2834 824 2917; x_wconf 87' lang='lat' dir='ltr'>partis</span> <span class='ocrx_word' id='word_1_227' title='bbox 848 2833 991 2916; x_wconf 88' lang='lat' dir='ltr'>corporis</span> <span class='ocrx_word' id='word_1_228' title='bbox 1015 2854 1120 2916; x_wconf 84' lang='lat' dir='ltr'>quarn,</span> 
     </span>
     <span class='ocr_line' id='line_1_31' title="bbox 74 2919 1122 3023; baseline -0.002 -39"><span class='ocrx_word' id='word_1_229' title='bbox 74 2945 100 2986; x_wconf 80' lang='lat' dir='ltr'>so</span> <span class='ocrx_word' id='word_1_230' title='bbox 113 2921 227 2987; x_wconf 87' lang='lat' dir='ltr'>eodem</span> <span class='ocrx_word' id='word_1_231' title='bbox 249 2944 343 3023; x_wconf 38' lang='lat' dir='ltr'>usu‚·</span> <span class='ocrx_word' id='word_1_232' title='bbox 354 2923 544 2986; x_wconf 85' lang='lat' dir='ltr'>imminutas</span> <span class='ocrx_word' id='word_1_233' title='bbox 572 2925 628 2985; x_wconf 89' lang='lat' dir='ltr'>aut</span> <span class='ocrx_word' id='word_1_234' title='bbox 614 2921 710 2985; x_wconf 88' lang='lat' dir='ltr'>ttde</span> <span class='ocrx_word' id='word_1_235' title='bbox 696 2924 799 2988; x_wconf 87' lang='lat' dir='ltr'>tortas</span> <span class='ocrx_word' id='word_1_236' title='bbox 827 2921 955 2986; x_wconf 87' lang='lat' dir='ltr'>habere.</span> <span class='ocrx_word' id='word_1_237' title='bbox 1000 2919 1122 2984; x_wconf 86' lang='lat' dir='ltr'>Rerum</span> 
     </span>
     <span class='ocr_line' id='line_1_32' title="bbox 114 3008 1121 3111; baseline -0.004 -37"><span class='ocrx_word' id='word_1_238' title='bbox 114 3012 222 3074; x_wconf 87' lang='lat' dir='ltr'>autern</span> <span class='ocrx_word' id='word_1_239' title='bbox 250 3010 465 3096; x_wconf 83' lang='lat' dir='ltr'>cognitiones,</span> <span class='ocrx_word' id='word_1_240' title='bbox 492 3031 573 3111; x_wconf 81' lang='lat' dir='ltr'>quas</span> <span class='ocrx_word' id='word_1_241' title='bbox 599 3009 651 3073; x_wconf 87' lang='lat' dir='ltr'>vel</span> <span class='ocrx_word' id='word_1_242' title='bbox 679 3009 1039 3093; x_wconf 87' lang='lat' dir='ltr'>comprehensiones</span> <span class='ocrx_word' id='word_1_243' title='bbox 1069 3008 1121 3072; x_wconf 81' lang='lat' dir='ltr'>uel</span> 
     </span>
     <span class='ocr_line' id='line_1_33' title="bbox 113 3097 1122 3199; baseline -0.003 -38"><span class='ocrx_word' id='word_1_244' title='bbox 113 3099 384 3199; x_wconf 81' lang='lat' dir='ltr'>perceptiones</span> <span class='ocrx_word' id='word_1_245' title='bbox 408 3098 472 3181; x_wconf 86' lang='lat' dir='ltr'>vel,</span> <span class='ocrx_word' id='word_1_246' title='bbox 500 3099 528 3162; x_wconf 88' lang='lat' dir='ltr'>si</span> <span class='ocrx_word' id='word_1_247' title='bbox 555 3098 635 3162; x_wconf 89' lang='lat' dir='ltr'>haec</span> <span class='ocrx_word' id='word_1_248' title='bbox 658 3098 758 3162; x_wconf 88' lang='lat' dir='ltr'>verba</span> <span class='ocrx_word' id='word_1_249' title='bbox 779 3101 836 3163; x_wconf 87' lang='lat' dir='ltr'>aut</span> <span class='ocrx_word' id='word_1_250' title='bbox 859 3097 965 3161; x_wconf 91' lang='lat' dir='ltr'>minus</span> <span class='ocrx_word' id='word_1_251' title='bbox 995 3097 1122 3179; x_wconf 83' lang='lat' dir='ltr'>placent</span> 
     </span>
     <span class='ocr_line' id='line_1_34' title="bbox 114 3147 1121 3337; baseline -0.003 -87"><span class='ocrx_word' id='word_1_252' title='bbox 114 3191 171 3250; x_wconf 84' lang='lat' dir='ltr'>aut</span> <span class='ocrx_word' id='word_1_253' title='bbox 193 3186 300 3250; x_wconf 89' lang='lat' dir='ltr'>minus</span> <span class='ocrx_word' id='word_1_254' title='bbox 323 3187 357 3250; x_wconf 90' lang='lat' dir='ltr'>in</span> <span class='ocrx_word' id='word_1_255' title='bbox 358 3147 519 3270; x_wconf 80' lang='lat' dir='ltr'>telleghnt</span> <span class='ocrx_word' id='word_1_256' title='bbox 519 3207 571 3337; x_wconf 81' lang='lat' dir='ltr'>ur,</span> <span class='ocrx_word' id='word_1_257' title='bbox 593 3181 792 3268; x_wconf 63' lang='lat' dir='ltr'>aeschrione</span> <span class='ocrx_word' id='word_1_258' title='bbox 812 3185 1013 3270; x_wconf 85' lang='lat' dir='ltr'>appellemus</span> <span class='ocrx_word' id='word_1_259' title='bbox 1036 3183 1121 3265; x_wconf 87' lang='lat' dir='ltr'>licet,</span> 
     </span>
     <span class='ocr_line' id='line_1_35' title="bbox 114 3272 1122 3357; baseline -0.005 -19"><span class='ocrx_word' id='word_1_260' title='bbox 114 3296 169 3338; x_wconf 91' lang='lat' dir='ltr'>eas</span> <span class='ocrx_word' id='word_1_261' title='bbox 195 3274 332 3356; x_wconf 82' lang='lat' dir='ltr'>igitur</span> <span class='ocrx_word' id='word_1_262' title='bbox 322 3295 410 3357; x_wconf 88' lang='lat' dir='ltr'>rpsas</span> <span class='ocrx_word' id='word_1_263' title='bbox 436 3278 535 3357; x_wconf 89' lang='lat' dir='ltr'>propt</span> <span class='ocrx_word' id='word_1_264' title='bbox 537 3295 571 3337; x_wconf 87' lang='lat' dir='ltr'>er</span> <span class='ocrx_word' id='word_1_265' title='bbox 600 3294 634 3336; x_wconf 89' lang='lat' dir='ltr'>se</span> <span class='ocrx_word' id='word_1_266' title='bbox 663 3273 884 3339; x_wconf 84' lang='lat' dir='ltr'>adsciscendas</span> <span class='ocrx_word' id='word_1_267' title='bbox 916 3272 1122 3353; x_wconf 87' lang='lat' dir='ltr'>arbitramur,</span> 
     </span>
     <span class='ocr_line' id='line_1_36' title="bbox 72 3361 1122 3514; baseline -0.006 -86"><span class='ocrx_word' id='word_1_268' title='bbox 72 3387 99 3428; x_wconf 82' lang='lat' dir='ltr'>ss</span> <span class='ocrx_word' id='word_1_269' title='bbox 113 3361 199 3446; x_wconf 91' lang='lat' dir='ltr'>quod</span> <span class='ocrx_word' id='word_1_270' title='bbox 230 3362 374 3427; x_wconf 85' lang='lat' dir='ltr'>habeant</span> <span class='ocrx_word' id='word_1_271' title='bbox 385 3361 598 3514; x_wconf 72' lang='lat' dir='ltr'>tquiddam</span> <span class='ocrx_word' id='word_1_272' title='bbox 588 3383 622 3425; x_wconf 85' lang='grc' dir='ltr'>ιιι</span> <span class='ocrx_word' id='word_1_273' title='bbox 654 3382 688 3426; x_wconf 88' lang='lat' dir='ltr'>se</span> <span class='ocrx_word' id='word_1_274' title='bbox 725 3363 817 3464; x_wconf 90' lang='lat' dir='ltr'>quasi</span> <span class='ocrx_word' id='word_1_275' title='bbox 853 3361 1053 3444; x_wconf 87' lang='lat' dir='ltr'>complexum</span> <span class='ocrx_word' id='word_1_276' title='bbox 1088 3363 1122 3423; x_wconf 90' lang='lat' dir='ltr'>et</span> 
     </span>
     <span class='ocr_line' id='line_1_37' title="bbox 113 3442 1121 3532; baseline -0.006 -16"><span class='ocrx_word' id='word_1_277' title='bbox 113 3451 282 3516; x_wconf 80' lang='lat' dir='ltr'>continens</span> <span class='ocrx_word' id='word_1_278' title='bbox 316 3451 400 3514; x_wconf 84' lang='lat' dir='ltr'>verit</span> <span class='ocrx_word' id='word_1_279' title='bbox 401 3453 495 3515; x_wconf 87' lang='lat' dir='ltr'>atem</span> <span class='ocrx_word' id='word_1_280' title='bbox 548 3449 585 3514; x_wconf 90' lang='lat' dir='ltr'>Id</span> <span class='ocrx_word' id='word_1_281' title='bbox 618 3454 674 3514; x_wconf 89' lang='lat' dir='ltr'>aut</span> <span class='ocrx_word' id='word_1_282' title='bbox 675 3471 726 3514; x_wconf 91' lang='lat' dir='ltr'>em</span> <span class='ocrx_word' id='word_1_283' title='bbox 761 3452 797 3514; x_wconf 80' lang='lat' dir='ltr'>in</span> <span class='ocrx_word' id='word_1_284' title='bbox 832 3449 941 3532; x_wconf 87' lang='lat' dir='ltr'>parvis</span> <span class='ocrx_word' id='word_1_285' title='bbox 975 3442 1121 3532; x_wconf 77' lang='lat' dir='ltr'>intellegi</span> 
     </span>
     <span class='ocr_line' id='line_1_38' title="bbox 112 3535 1155 3623; baseline -0.005 -19"><span class='ocrx_word' id='word_1_286' title='bbox 112 3541 235 3623; x_wconf 81' lang='lat' dir='ltr'>potest,</span> <span class='ocrx_word' id='word_1_287' title='bbox 262 3560 342 3622; x_wconf 91' lang='lat' dir='ltr'>quos</span> <span class='ocrx_word' id='word_1_288' title='bbox 371 3538 474 3602; x_wconf 87' lang='lat' dir='ltr'>dclect</span> <span class='ocrx_word' id='word_1_289' title='bbox 459 3537 524 3602; x_wconf 86' lang='lat' dir='ltr'>tari</span> <span class='ocrx_word' id='word_1_290' title='bbox 546 3538 784 3617; x_wconf 86' lang='lat' dir='ltr'>videamus‚t</span> <span class='ocrx_word' id='word_1_291' title='bbox 752 3538 880 3602; x_wconf 86' lang='lat' dir='ltr'>etiarnsi</span> <span class='ocrx_word' id='word_1_292' title='bbox 904 3557 1014 3601; x_wconf 87' lang='lat' dir='ltr'>eorum</span> <span class='ocrx_word' id='word_1_293' title='bbox 1038 3535 1123 3602; x_wconf 86' lang='lat' dir='ltr'>nihil</span> <span class='ocrx_word' id='word_1_294' title='bbox 1150 3537 1155 3546; x_wconf 83' lang='lat'>&#39;</span> 
     </span>
    </p>
   </div>
   <div class='ocr_carea' id='block_1_3' title="bbox 166 3645 906 3704">
    <p class='ocr_par' dir='ltr' id='par_1_3' title="bbox 166 3645 906 3704">
     <span class='ocr_line' id='line_1_39' title="bbox 166 3645 906 3704; baseline -0.009 -3"><span class='ocrx_word' id='word_1_295' title='bbox 166 3660 220 3702; x_wconf 86' lang='lat' dir='ltr'>e1e.</span> <span class='ocrx_word' id='word_1_296' title='bbox 234 3661 301 3704; x_wconf 75' lang='lat' dir='ltr'>rur</span> <span class='ocrx_word' id='word_1_297' title='bbox 303 3691 308 3702; x_wconf 92' lang='grc'><em>,</em></span> <span class='ocrx_word' id='word_1_298' title='bbox 790 3653 793 3659; x_wconf 91' lang='grc'><strong><em>·</em></strong></span> <span class='ocrx_word' id='word_1_299' title='bbox 875 3645 906 3694; x_wconf 74' lang='lat'>12</span> 
     </span>
    </p>
   </div>
   <div class='ocr_carea' id='block_1_4' title="bbox 0 0 1312 3950">
    <p class='ocr_par' dir='ltr' id='par_1_4' title="bbox 0 0 1312 3950">
     <span class='ocr_line' id='line_1_40' title="bbox 0 0 1312 3950; baseline 0 0"><span class='ocrx_word' id='word_1_300' title='bbox 0 0 1312 3950; x_wconf 95' lang='lat' dir='ltr'> </span> 
     </span>
    </p>
   </div>
  </div>
 </body>
</html>
