2574 3956
330 215 397 270 ΗΒ.
416 217 450 270 11.
479 215 555 270 cnr.
576 223 697 272 17-19.
726 223 881 282 sas-co.
1052 217 1114 280 145

103 374 201 439 hodie
230 380 281 440 est
307 380 416 442 noster
442 377 630 462 Pompeius,
657 378 708 443 cui
735 382 823 443 recte
849 379 981 444 facientiv
1009 379 1114 463 gratia

104 466 155 526 est
180 463 343 548 habenda,
372 486 442 530 esse
465 466 551 529 enim
579 489 675 550 quam
702 467 802 530 vellet
828 467 956 550 iniquus
986 472 1115 550 poterat

104 551 243 632 impune.
270 551 386 628 'Quam
408 553 606 617 multavere
629 555 748 618 iniuste
770 555 841 618 fieri
863 558 1009 638 possunt,
1032 577 1114 637 quae

102 659 197 703 nemo
221 641 327 722 possit
343 641 588 723 reprehendere!
627 639 662 706 Si
684 645 717 706 te
736 643 857 707 amicus
875 645 951 707 tuus
970 643 1112 709 moriens
1132 655 1166 701 es

77 727 282 811 erogaverit,
314 731 352 792 ut
378 728 591 793 hereditatem
617 729 731 794 reddas
756 751 830 793 suae
857 730 959 811 filiae,
986 751 1046 794 nec
1064 752 1113 793 us·

105 836 201 898 quam
228 815 262 878 id
290 816 464 899 scripserit,
492 821 529 880 ut
557 817 689 900 scripsit
714 817 845 900 Fadius,
872 839 931 882 neo
964 819 1113 902 cuiquam
1164 879 1174 902 0

104 902 234 985 dixerit,
266 903 343 986 quid
374 903 496 968 iacies?
546 904 595 968 Tu
623 905 753 988 quidem
779 905 907 988 reddes3
941 907 1010 988 ipse
1038 905 1114 989 Epi·

104 1011 199 1054 eurus
226 990 365 1056 fortasse
392 991 551 1074 redderet,
579 995 617 1056 ut
644 991 716 1057 Sex.
742 993 941 1075 Peducaeus,
970 992 1039 1058 Sex.
1069 993 1114 1074 F,

102 1079 131 1141 is
154 1078 211 1162 qui
233 1079 318 1142 hunc
345 1083 492 1144 nostrum
515 1081 647 1163 reliquit
674 1081 813 1164 effigiem
841 1084 874 1146 et
900 1081 1113 1145 humanitatis

65 1192 89 1230 ιο
104 1169 136 1229 et
163 1166 338 1249 probitatis
367 1189 443 1232 suae
471 1168 589 1252 filiurn,
616 1190 688 1232 cum
717 1170 842 1253 doctus,
872 1173 942 1233 tum
970 1171 1113 1234 omnium

102 1253 153 1316 vir
186 1255 328 1337 optimus
361 1260 394 1318 et
426 1256 637 1338 iustissimus„
673 1279 747 1321 cum
784 1259 881 1322 sciret
912 1278 1007 1322 nemo
1040 1279 1113 1320 eum

102 1345 254 1425 rogatum
297 1365 316 1406 a
356 1340 393 1408 C.
435 1342 563 1428 Plotio,
603 1345 708 1428 equite
749 1343 896 1410 Romano
938 1346 1113 1430 splendido,

101 1427 259 1510 Nursino,
282 1431 368 1494 ultro
392 1431 433 1494 ad
456 1432 625 1495 mulierem
642 1433 731 1496 venit
748 1433 841 1517 eique
860 1433 944 1496 nihil
967 1434 1113 1516 opinanti

102 1516 165 1580 viri
188 1518 377 1582 mandatum
401 1519 550 1601 exposuit
570 1519 846 1604 hereditatemque
868 1519 1015 1585 reddidit.
1052 1519 1112 1584 Sed

63 1627 89 1668 15
104 1625 165 1689 ego
194 1625 232 1668 ex
258 1609 291 1669 te
321 1627 453 1690 quaero,
486 1608 638 1690 quoniam
669 1609 755 1671 idem
786 1612 823 1672 tu
855 1612 940 1672 certe
972 1608 1114 1689 fecisses,

15 1695 17 1700 ’
102 1713 209 1756 nonne
232 1693 404 1779 intellegas
429 1715 466 1758 eo
490 1695 645 1759 maiorem
668 1695 735 1759 vim
758 1717 828 1759 esse
850 1700 1003 1779 naturae,
1027 1697 1113 1781 qnod

103 1781 168 1864 ipsi
200 1803 270 1865 vos,
302 1783 357 1866 qui
389 1783 498 1847 omnia
533 1783 573 1846 ad
601 1785 744 1846 vestrum
772 1784 976 1848 commodum
1003 1787 1049 1865 et,
1077 1789 1113 1848 ut

103 1869 168 1951 ipsi
186 1868 307 1952 dicitis,
332 1870 372 1934 ad
390 1871 590 1955 voluptatem
610 1871 773 1954 referatis,
791 1875 902 1936 tamen
920 1892 958 1935 ea
975 1871 1113 1954 faciatis,

103 1976 120 2019 e
148 1956 265 2042 quibus
294 1963 449 2040 appareat
475 1980 542 2024 non
564 1959 765 2042 voluptatem
793 1980 864 2042 vos,
893 1958 948 2022 sed
972 1959 1114 2024 officium

15 2057 16 2088 l
63 2067 90 2108 rc
104 2044 204 2127 sequi,
222 2045 358 2128 plusque
375 2049 499 2111 rectam
517 2050 668 2111 naturam
686 2069 782 2130 quam
801 2047 960 2111 rationem
978 2069 1113 2130 pravam

104 2133 219 2196 valere.
263 2131 299 2196 Si
323 2133 447 2217 scieris,
469 2135 575 2218 inquit
598 2131 794 2219 Carneades,
822 2135 966 2219 aspidem
990 2137 1112 2200 occulte
1131 2143 1165 2190 59

103 2219 207 2284 latere
239 2221 380 2305 uspiam,
411 2226 444 2285 et
475 2222 559 2287 velle
586 2223 725 2306 aliquem
754 2225 990 2307 imprudentem
1018 2245 1115 2307 super

104 2329 175 2371 eam
207 2308 362 2391 assidere,
394 2310 484 2374 cuius
516 2331 603 2374 mors
634 2311 696 2374 tibi
724 2312 976 2376 emolumentum
1004 2311 1114 2374 futura

103 2396 160 2478 sit,
187 2395 333 2480 improbe
359 2396 487 2480 feceris,
518 2399 582 2462 nisi
608 2399 786 2481 monueris,
817 2420 857 2462 ne
890 2399 1025 2480 assidat,
1057 2400 1113 2463 sed

63 2509 89 2547 ss
103 2484 260 2566 impunite
278 2488 400 2570 tamen3
424 2486 523 2550 scisse
542 2487 628 2550 enim
649 2489 682 2550 te
703 2487 776 2569 quis
796 2506 967 2570 coarguere
986 2487 1113 2568 possit?

103 2569 166 2635 Sed
188 2571 285 2636 nimis
304 2574 416 2637 multa.
452 2573 659 2656 Perspicuum
678 2577 728 2636 est
745 2573 847 2656 enim,
870 2573 934 2637 nisi
958 2573 1112 2656 aequitas,

102 2659 195 2738 fides,
227 2660 354 2724 iustitia
384 2662 630 2747 proficiscantur
661 2683 680 2724 a
711 2665 841 2744 natura,
876 2665 909 2725 et
943 2661 970 2725 si
1004 2663 1113 2726 omnia

103 2743 183 2812 haec
201 2746 243 2812 ad
261 2747 435 2813 utilitatem
454 2747 649 2832 referantur,
671 2751 776 2814 virum
798 2749 914 2814 bonum
932 2771 998 2814 non
1015 2771 1113 2834 posse

102 2836 249 2918 reperiri3
272 2837 373 2920 deque
395 2837 447 2900 his
471 2838 566 2901 rebus
590 2838 671 2902 satis
690 2838 794 2902 multa
817 2838 851 2902 in
871 2839 992 2902 nostris
1016 2839 1054 2901 de
1077 2860 1112 2901 re

62 2923 234 3005 republica
256 2924 348 2988 libris
372 2929 447 2989 sunt
471 2925 558 2989 dicta
581 2947 600 2988 a
622 2925 742 2992 Laelio.

169 3009 322 3076 Transfer
353 3012 437 3076 idem
472 3012 511 3076 ad
542 3013 734 3077 modestiam
770 3014 822 3077 vel
853 3014 1112 3097 temperantiam,

104 3119 185 3180 qnae
222 3102 272 3164 est
310 3101 487 3164 moderatio
525 3100 736 3184 cupiditatum
772 3101 892 3166 rationi
928 3102 1112 3166 oboediens

105 3183 231 3250 Satisne
259 3208 336 3272 ergo
362 3188 477 3272 pudori
492 3189 660 3270 cumulat,
686 3189 714 3252 ri
737 3189 808 3273 quis
832 3190 900 3254 sine
927 3192 1012 3254 teste
1041 3189 1112 3253 libi-

1124 2976 1165 3039 19

1131 3055 1166 3103 co

105 3273 172 3337 dini
194 3276 329 3358 pareat?
353 3298 394 3340 an
419 3279 469 3340 est
491 3276 612 3360 aliquid
634 3295 691 3359 per
714 3297 748 3340 se
776 3278 883 3359 ipsum
906 3277 1111 3361 flagitiosum,

63 3385 89 3426 a
103 3361 232 3427 etiamsi
258 3364 349 3428 nulla
364 3365 546 3428 comitetur
573 3363 728 3428 infamia?
781 3363 886 3438 Quid?
917 3365 1018 3429 fortes
1051 3364 1112 3429 viri

102 3451 347 3534 voluptatumne
371 3452 503 3516 calculis
528 3452 693 3516 subductis
717 3453 875 3535 proelium
894 3453 1015 3534 ineunt,
1038 3473 1112 3516 san-

15 3607 16 3614 ,
102 3539 233 3622 guinem
269 3560 328 3622 pro
364 3540 471 3621 patria
507 3539 719 3622 profundunt,
761 3561 801 3604 an
837 3540 976 3623 quodam
1012 3541 1114 3614 animi

154 3650 303 3692 orc.1v.1.
915 3648 948 3696 10
