2564 3950
162 202 228 265 220
323 202 371 256 DE
391 201 535 256 FINIBUS
554 200 733 257 BONORUM
751 201 798 256 ΕΤ
817 201 1001 258 MALORUM

162 365 321 447 dioent,e
305 368 413 430 etvos
433 365 548 429 adt
490 367 548 428 nat
549 386 641 430 uram
658 364 872 428 revertemini.
911 363 1036 440 Quibus
1054 369 1172 429 natura

161 454 232 517 iure
255 453 458 536 responderit
480 474 547 518 ιιοιι
569 473 639 517 esse
662 471 773 516 uerum
797 451 925 516 aliunde
955 450 1054 516 finem
1077 452 1172 517 beate

161 541 304 625 vivendi,
331 563 351 606 a
374 561 407 605 se
434 540 593 624 principia
619 539 667 604 rei
694 540 854 641 gerendae
880 540 961 623 peti3
988 562 1059 604 esse
1086 541 1173 604 enim

162 651 260 693 unam
292 629 464 711 rationem,
496 650 560 711 qua
591 631 625 692 et
650 628 812 711 principia
837 649 945 692 rerum
975 628 1174 711 agendarum

162 720 195 782 et
217 717 516 781 ultimabonorum
538 715 841 798 continerentur,a
841 718 918 798 tque
945 719 983 779 ut
1004 715 1202 782 Αιιιιοιιιιι

163 807 249 870 esset
267 803 400 888 explosa
423 804 585 868 sententia
608 803 743 868 dicentis
761 802 845 868 nihil
868 803 996 868 differre
1019 803 1108 868 aliud
1130 805 1173 868 ab

163 893 242 976 alio,
264 912 480 957 recesseras
500 891 582 956 ullas
606 893 735 974 praeter
752 891 889 956 virtutes
914 894 947 955 et
969 891 1064 974 vitia,
1087 892 1174 956 inter

163 1003 241 1064 quas
265 981 435 1064 quiequam
454 980 585 1045 omnino
603 981 788 1062 interesset,
808 978 854 1044 sio
873 999 981 1043 errare
1000 977 1173 1061 Zenonem,

162 1070 217 1152 qui
240 1069 331 1132 nulla
353 1069 388 1132 in
410 1090 444 1132 re
467 1068 532 1132 ιιιιι
554 1068 589 1132 ιιι
607 1068 727 1132 virtute
746 1067 900 1132 nutritio
923 1067 1174 1150 propensionem

161 1179 202 1220 ne
225 1156 351 1220 minimi
374 1155 502 1239 quidem
525 1156 682 1220 momenti
710 1155 752 1220 ad
775 1177 937 1219 summum
960 1153 1082 1219 bonum
1106 1155 1173 1220 adl·
1188 1179 1216 1220 ιο

161 1244 351 1326 piscendam
383 1264 452 1306 esse
485 1242 605 1307 diceret
641 1247 686 1326 et,
721 1264 793 1308 eum
830 1242 870 1307 ad
902 1242 1032 1306 beatam
1068 1243 1173 1307 vitam

162 1331 288 1395 nullum
311 1333 509 1396 momentum
537 1335 642 1395 cetera
668 1330 838 1412 haberent,
865 1331 906 1394 ad
936 1330 1173 1414 appetitionem

161 1423 272 1483 tamen
294 1439 401 1482 rerum
427 1439 496 1482 esse
518 1418 553 1482 in
574 1418 615 1483 ιιι
635 1421 798 1482 momenta
821 1418 955 1502 diceret3
980 1419 1073 1502 quasi
1095 1429 1171 1482 ve'ro

163 1508 242 1571 haee
271 1507 429 1591 appetitio
456 1526 523 1571 ιιοιι
549 1507 591 1570 ad
619 1507 736 1570 summi
762 1507 840 1571 boni
872 1506 1077 1589 adeptionem
1101 1528 1172 1589 per·

112 1614 144 1662 48
163 1596 295 1660 tineret!
341 1594 426 1671 Quid
449 1597 555 1658 autem
581 1595 689 1659 minus
717 1597 970 1660 consentaneum
997 1597 1047 1658 est
1074 1615 1172 1678 quam
1188 1619 1214 1660 ιι

162 1684 247 1767 quod
271 1683 375 1766 aiunt,
400 1683 530 1767 cognito
555 1705 679 1748 summo
702 1683 788 1747 bono
811 1681 931 1746 reverti
955 1703 990 1746 se
1014 1681 1055 1746 ad
1077 1686 1172 1747 natu-

162 1793 246 1856 ram,
264 1775 301 1837 ut
319 1793 357 1836 ex
377 1793 415 1836 ea
432 1774 546 1855 petant
564 1771 681 1856 agendi
699 1769 905 1854 principium,
928 1769 961 1834 id
980 1773 1030 1833 est
1049 1769 1172 1835 officii?

161 1859 237 1924 Non
270 1860 355 1924 enim
388 1859 524 1923 aetionis
558 1863 614 1923 aut
646 1858 744 1924 offioii
771 1858 856 1922 ratio
884 1857 1023 1941 impellit
1051 1857 1092 1922 ad
1124 1879 1172 1941 ea,

162 1969 243 2032 quae
274 1946 449 2011 seeundum
470 1950 621 2012 naturam
646 1950 733 2030 sunt,
761 1946 956 2029 appetenda,
985 1946 1041 2009 sed
1064 1946 1105 2010 ab
1129 1946 1171 2010 ιιι

163 2038 196 2099 et
219 2034 376 2118 appetitio
400 2036 433 2097 et
455 2035 540 2099 aetio
564 1996 791 2100 commoretur.
1187 2060 1215 2099 ιο

113 2135 152 2198 18
229 2121 323 2187 Nune
352 2121 446 2186 venio
474 2123 514 2186 ad
540 2121 599 2187 illa
625 2126 684 2186 tua
711 2122 835 2206 breuia,
862 2143 944 2205 quae
971 2122 1174 2186 consectaria

163 2231 233 2274 esse
258 2209 401 2291 dicebas,
424 2211 457 2272 et
478 2210 618 2293 primum
646 2209 740 2294 illud,
767 2230 830 2293 quo
857 2210 940 2273 nihil
969 2212 1078 2294 potest
1063 2210 1174 2274 t-bre

162 2298 246 2363 vius:
274 2296 400 2362 Bonum
428 2317 522 2361 omne
549 2297 725 2382 laudabile,
751 2297 915 2362 laudabile
942 2301 1051 2362 autem
1074 2319 1173 2361 omne

162 2387 350 2464 honestum,
377 2385 499 2451 bonum
526 2385 627 2470 igitur
655 2407 749 2451 omne
775 2386 957 2450 honestum.
1007 2383 1034 2448 0
1064 2385 1173 2469 plum·
1271 2423 1272 2426 =

162 2475 258 2540 baum
286 2474 472 2558 pugionem!
517 2472 596 2549 Quis
625 2475 712 2539 enirn
739 2474 800 2538 tibi
826 2474 967 2556 primum
993 2472 1074 2537 illud
1097 2494 1173 2537 eon·
1187 2499 1214 2540 ιι

164 2561 318 2628 cesserit?
336 2562 413 2647 (quo
432 2561 562 2646 quidem
580 2583 731 2628 concesso
747 2561 830 2626 nihil
850 2583 930 2644 opus
949 2565 999 2625 est
1017 2561 1173 2644 seeund03

164 2652 192 2714 ιι
219 2651 306 2714 enim
330 2671 425 2714 omna
452 2650 576 2715 bonum
602 2649 765 2714 laudabile
788 2652 851 2731 eet,
878 2670 973 2712 omne
998 2647 1174 2713 honestum

113 2757 144 2804 ra
164 2733 227 2821 est)
260 2737 331 2819 quis
358 2737 460 2821 igitur
487 2737 549 2800 tibi
575 2738 662 2801 istud
691 2737 783 2802 dabit
809 2740 937 2820 praeter
962 2735 1185 2821 Pyrrhonem,

163 2825 352 2888 Aristonem
389 2844 538 2888 eorumve
575 2825 719 2889 similes?
756 2845 836 2909 quoe
872 2829 908 2888 tu
939 2845 1006 2889 ιιοιι
1042 2824 1173 2906 probae.

163 2912 371 2994 Aristoteles,
398 2910 609 2996 Xenocrates,
635 2915 707 2978 tota
734 2913 792 2976 illa
817 2911 945 2976 familia
970 2933 1038 2976 ιιοιι
1070 2912 1171 2995 dabit,
1186 2938 1212 2977 eo

164 3001 281 3084 quippe
299 2999 355 3084 qui
372 2999 604 3084 valetudinem,
622 3001 719 3078 vireo,
737 2999 885 3082 divitiae,
904 2999 1052 3083 gloriam,
1070 2999 1173 3064 multa

164 3089 228 3153 alia
254 3088 342 3153 bona
365 3109 436 3152 esse
463 3087 585 3170 dicant,
613 3087 792 3153 laudabilia
814 3108 880 3151 non
904 3087 1022 3152 dicant
1067 3085 1113 3151 Et
1136 3087 1171 3151 hi

164 3175 293 3259 quidem
316 3176 364 3240 ita
385 3196 450 3240 non
474 3176 544 3241 sola
565 3177 685 3242 virtute
712 3175 809 3239 finem
831 3175 990 3239 bonorum
1014 3175 1173 3238 eontineri

162 3267 291 3346 putant,
314 3266 351 3327 ut
367 3265 464 3328 rebus
486 3267 596 3328 tamen
614 3263 765 3329 omnibus
783 3262 937 3327 uirtutem
956 3266 1171 3346 anteponant3

164 3351 241 3433 quid
268 3373 378 3415 censes
408 3372 463 3416 eos
492 3371 561 3415 esso
589 3351 748 3434 facturos,
775 3351 830 3434 qui
857 3350 988 3415 omnino
1016 3349 1212 3416 virtutemne

165 3459 184 3500 a
210 3438 368 3502 bonorum
403 3438 466 3502 fine
495 3440 759 3523 segregaverunt,
791 3436 981 3521 Epicurum,
1012 3436 1173 3520 Hierony·

163 3544 264 3607 mum,
299 3525 375 3590 illos
408 3525 521 3607 etiam,
557 3525 586 3590 ιι
618 3526 674 3608 qui
706 3523 927 3589 Carneadeum
958 3523 1054 3589 finem
1085 3525 1171 3589 tueri
