2552 3966
355 213 422 267 LIB.
440 215 461 270 Ι.
490 213 568 271 OAP.
589 221 710 271 14-16.
740 219 755 280 ἓ
774 221 896 271 46-51.
1073 217 1134 280 lll

123 375 277 440 miserum
315 379 378 460 est,
350 376 456 442 tob
499 398 632 461 eamque
669 377 781 442 debilit
768 381 869 442 tatem
902 379 1003 444 animi
1040 380 1135 444 multi

122 467 235 548 parent
237 485 286 547 es,
318 464 413 529 multi
387 464 577 549 tamieos,
602 487 668 530 non
694 465 776 530 nulli
808 466 961 550 patriam,
992 468 1136 552 plerique

123 555 230 618 autem
255 574 290 616 se
313 551 403 636 ipsos
425 553 553 638 penitus
576 553 798 638 perdiderunt,
824 555 871 620 sio
893 555 1045 620 robustus
1069 557 1136 622 ani·

121 662 193 705 mus
217 643 252 704 et
273 639 417 706 excelsus
446 641 536 706 omni
563 644 613 708 est
640 643 723 707 liber
746 664 823 709 eura
845 648 878 708 et
903 664 1037 746 angore,
1064 665 1136 709 eum

98 732 155 794 set
178 725 317 794 mortem
341 729 531 814 contemnit,
562 752 625 815 qua
647 731 702 815 qui
726 730 834 796 affecti
859 732 981 814 suntf
971 754 1007 797 m
1025 731 1135 797 eadem

122 838 220 882 eausa
247 821 336 901 sunt,
369 840 432 902 qua
462 822 536 884 ante
565 840 661 902 quam
688 819 837 921 nuthet
804 820 904 886 etad
932 782 1059 886 dolores
1089 822 1136 885 ita

120 909 257 989 paratus
281 908 345 990 est,
367 911 407 971 ut
430 907 614 972 meminerit
635 908 792 973 maximos
816 913 920 973 morte
942 909 1041 992 finiri,
1063 931 1134 992 par-

121 1015 179 1059 vos
212 994 319 1059 multa
354 994 474 1060 habere
510 995 682 1062 intervella
717 997 888 1081 requietis,
927 997 1136 1062 mediocrium

119 1104 181 1148 nos
205 1104 276 1148 esse
301 1082 462 1168 dominos,
485 1086 536 1167 ut,
559 1083 587 1149 si
609 1083 797 1150 tolerabiles
821 1085 900 1169 sint,
922 1085 1077 1164 feramus,
1107 1086 1136 1149 si

82 1197 108 1236 ιι
122 1171 244 1255 minus,
268 1171 374 1237 animo
394 1193 496 1257 aequo
516 1193 533 1236 e
555 1171 638 1255 vita,
660 1194 733 1238 oum
752 1194 790 1237 ee
807 1195 874 1239 non
891 1174 1032 1258 placeat,
1054 1177 1135 1238 tam·

121 1281 220 1344 quam
246 1281 264 1324 e
291 1259 383 1324 theat
369 1263 420 1326 tro
449 1281 609 1326 exeamus.
658 1259 780 1336 Quibus
807 1262 904 1326 rebus
934 1261 1136 1347 intellegitur

120 1369 181 1414 neo
212 1347 368 1414 timiditat
319 1351 421 1414 tatem
453 1349 679 1436 ignaviamque
711 1349 888 1433 vituperari
916 1372 976 1415 nee
1007 1350 1134 1416 fortitu-

121 1435 231 1502 dinem
261 1437 517 1522 patientiamque
549 1437 677 1502 laudari
708 1459 767 1502 suo
796 1438 941 1523 nomine,
975 1438 1031 1504 sed
1060 1439 1134 1503 illas

121 1525 213 1610 reioi,
241 1524 318 1610 quia
344 1525 492 1592 dolorem
517 1526 662 1610 pariant,
633 1525 829 1591 ιιιιιι
773 1529 829 1608 opt
830 1527 892 1610 ιιι,
923 1526 999 1611 quia
1021 1526 1135 1611 volup·

81 1638 108 1678 ιι
122 1617 235 1680 tatem.
1147 1665 1188 1728 16

188 1702 297 1768 Ιιιιιιι
272 1705 321 1766 ιιι
343 1705 446 1768 restat
483 1701 582 1767 utde
604 1703 693 1767 omni
711 1701 831 1766 virtute
855 1703 898 1767 sit
920 1702 986 1767 diet
971 1706 1055 1788 tum;
1079 1703 1134 1768 sed
1155 1742 1188 1790 50

122 1791 244 1856 similia
270 1791 337 1855 fere
365 1791 428 1856 diei
456 1794 602 1874 possunt.
647 1789 693 1855 Ut
679 1789 802 1855 tenim
826 1789 1031 1874 sapientiam,
1053 1793 1135 1856 tem·

60 1945 62 1948 .
120 1883 237 1964 perant
238 1879 318 1963 iam,
355 1878 406 1945 for
408 1879 579 1944 titudinem
618 1879 786 1964 copulatas
827 1900 896 1944 esse
932 1878 1026 1944 docui
1063 1900 1135 1944 oum

120 1967 270 2051 voluptat
236 1989 338 2051 ιι,
317 1968 413 2033 utab
432 1989 470 2034 ιι
489 1967 578 2033 nullo
597 1968 693 2033 modo
712 1989 772 2033 neo
790 1967 901 2033 divelli
918 1988 978 2032 neo
997 1966 1135 2032 distrahi

80 2082 108 2122 ιι
120 2057 261 2141 possint,
280 2054 326 2120 sio
344 2055 384 2121 de
402 2055 528 2121 iustitia
546 2055 752 2122 iudicandum
770 2061 834 2137 ιιι,
853 2077 934 2141 quae
952 2078 1019 2122 non
1037 2056 1134 2122 modo

119 2166 299 2228 numquam
321 2147 417 2209 noeet
440 2145 603 2246 cuiquam,
630 2145 688 2209 sed
716 2148 791 2210 oont
791 2167 828 2210 ιι
850 2165 977 2229 semper
999 2146 1137 2228 impertit

121 2232 244 2334 aliquid
277 2254 348 2297 oum
381 2255 439 2298 sua
461 2233 503 2298 ιι
535 2235 631 2317 etque
664 2237 721 2298 nat
722 2256 795 2318 ura,
827 2233 914 2317 quod
945 2234 1137 2318 tranquillet

121 2321 261 2404 animos,
284 2325 355 2386 tum
379 2343 435 2405 spe
457 2320 541 2386 nihil
564 2342 673 2385 earum
699 2343 805 2387 rerum
829 2321 1027 2405 defuturum,
1054 2343 1135 2407 quas

119 2413 238 2476 natura
260 2430 327 2474 non
350 2405 528 2493 depravata
550 2408 717 2476 desideret
752 2410 798 2474 Et
820 2431 915 2510 quem
938 2409 980 2474 ad
1003 2409 1134 2476 modum

80 2523 107 2565 ιι
121 2497 289 2563 temeritas
318 2500 351 2562 et
372 2497 473 2563 libido
497 2497 562 2562 et
552 2497 684 2581 1gnavia
706 2518 833 2580 semper
860 2498 1004 2562 animum
1027 2519 1134 2562 eroru-

122 2587 212 2652 ciant
239 2590 272 2650 et
299 2607 424 2670 semper
459 2585 579 2652 sollioit
580 2589 637 2650 ant
623 2584 834 2651 tturbulent
819 2589 935 2670 taeque
968 2589 1055 2670 sunt,
1088 2587 1135 2651 sio

120 2674 303 2758 improbitas
324 2676 354 2739 si
375 2675 466 2740 euius
488 2675 524 2739 in
547 2677 656 2739 mente
679 2672 833 2753 consedit,
857 2673 919 2740 hoe
941 2673 1027 2758 ipso,
1051 2675 1136 2759 quod

122 2763 227 2846 adest,
255 2762 443 2829 turbulenta
469 2765 533 2849 est3
568 2763 597 2828 si
624 2783 699 2828 vero
731 2762 847 2828 molita
877 2762 1044 2848 quippiam
1077 2769 1136 2847 ιιι,

123 2852 271 2937 quamvis
299 2852 421 2917 ooeulte
448 2851 575 2935 feeerit,
603 2872 779 2936 numquam
807 2855 918 2916 tamen
941 2852 974 2916 id
998 2852 1136 2917 confidet

80 2966 108 3007 ιο
121 2937 192 3006 fore
216 2961 343 3024 semper
364 2941 535 3007 oecultum.
580 2939 773 3025 Plerumque
799 2939 1022 3025 improborum
1049 2941 1136 3005 faeta

122 3029 228 3114 primo
261 3027 402 3114 suspicio
434 3029 627 3114 insequitur,
663 3028 737 3094 dein
769 3049 874 3094 sermo
907 3031 1003 3114 atque
1040 3027 1135 3111 fama,

121 3121 193 3184 tum
216 3119 398 3201 accusator,
420 3120 491 3182 tum
509 3115 618 3200 index3
641 3115 737 3182 multi
755 3117 866 3201 etiem,
889 3120 926 3182 ut
945 3120 978 3182 te
997 3116 1134 3193 consule,

122 3205 186 3290 ipsi
217 3227 252 3270 se
284 3205 514 3272 indicaverunt.
572 3204 695 3281 Quodsi
727 3206 783 3290 qui
813 3205 894 3271 setis
927 3204 990 3269 sibi
1022 3206 1187 3271 contram

122 3294 290 3360 hominum
313 3295 543 3361 eonscientiam
566 3293 671 3378 saepti
694 3315 763 3360 esse
784 3297 818 3358 et
835 3293 954 3358 muniti
976 3291 1134 3376 videntur,

84 3407 110 3449 ιι
123 3382 257 3448 deorum
292 3386 400 3448 tamen
437 3382 572 3449 horrent
610 3405 727 3467 easque
764 3383 853 3466 ipsas
890 3379 1134 3465 sollieitudines,

122 3471 238 3556 quibus
273 3492 384 3537 eorum
420 3471 520 3537 enimi
553 3470 739 3556 ‘noctesque
774 3467 919 3553 diesque'
949 3468 1134 3553 exeduntur,

123 3560 215 3626 adis
239 3559 476 3626 immortalibus
506 3557 656 3644 supplicii
684 3581 780 3624 eausa
807 3557 978 3642 importari
1007 3560 1133 3643 putent.
