2568 3948
166 203 232 270 208
331 204 379 258 DE
398 201 544 256 FINIBUS
562 154 742 288 BONOitUM
759 193 807 256 ET
825 201 1006 257 MALORUM

167 367 260 430 aiant
291 365 370 430 artis
410 384 536 447 quoque
572 363 757 446 requisitas,
790 384 871 446 quae
902 367 1055 428 naturam
1087 363 1176 428 adin·

166 457 291 535 varent3
318 452 354 516 in
381 453 497 535 quibus
527 473 565 514 ea
592 454 778 514 numeretur
804 451 839 513 in
863 451 990 534 primis,
1020 455 1175 535 quaeest

166 540 295 604 vivendi
323 562 389 618 ars,
424 542 461 603 ut
488 541 630 621 tueatur,
662 538 747 621 quod
780 560 799 602 a
830 544 948 603 natura
979 539 1090 602 datum
1122 539 1175 622 sit,

168 628 252 711 quod
280 627 376 708 desit,
407 627 561 709 acquirat.
617 624 782 708 Iidemque
814 625 993 690 diviserunt
1024 629 1174 690 naturam
1276 633 1277 712 l

166 715 308 780 hominis
329 715 365 778 in
385 715 526 778 animum
546 717 579 777 et
597 734 722 796 corpus.
760 711 904 796 Cumque
923 735 1033 778 eorum
1051 719 1202 780 utrum-s
1276 735 1277 788 g

167 825 227 886 que
257 824 314 886 per
344 823 377 866 se
405 800 617 884 expetendum
646 821 717 864 esse
740 800 908 885 dixissent,
936 801 1074 866 virtutes
1097 824 1174 886 quo·
1276 801 1277 864 i

167 913 228 974 que
250 891 417 974 utriusque
441 910 553 953 eorum
575 909 634 971 per
652 907 686 951 se
710 887 903 972 expetendas
923 909 992 953 esse
1015 889 1176 974 dicebant,
1231 907 1243 912 ··

166 983 196 1043 et
222 1000 295 1042 cum
323 979 467 1042 animum
494 976 621 1040 infinita
648 975 786 1059 quadam
817 975 911 1040 laude
943 979 1176 1060 anteponerent

168 1066 311 1148 corpori,
342 1066 479 1129 virtutes
507 1084 633 1148 quoque
661 1063 761 1127 animi
787 1064 882 1129 bonis
910 1065 1054 1146 corporis
1085 1068 1176 1130 ante·

116 1177 148 1225 17
167 1154 340 1236 ponebant.
386 1149 448 1215 Sed
470 1172 542 1216 cum
567 1151 759 1234 sapientiam
781 1151 881 1215 totius
904 1151 1046 1216 hominis
1070 1157 1218 1218 custo-10

168 1241 241 1305 dem
263 1243 296 1305 et
318 1239 570 1323 procuratricem
589 1260 659 1303 esse
677 1239 810 1320 vellent,
834 1259 916 1324 quae
936 1244 1021 1305 esset
1038 1244 1175 1306 naturae

168 1347 273 1392 comes
293 1331 326 1392 et
344 1327 493 1409 adiutrix,
513 1325 575 1390 hoc
594 1327 771 1410 sapientiae
790 1347 906 1391 munus
926 1347 996 1392 esse
1015 1327 1175 1413 dicebant,

167 1419 217 1498 ut,
247 1435 316 1478 nura
348 1436 420 1479 eum
451 1415 610 1496 tueretur,
642 1414 698 1497 qui
729 1417 892 1479 constaret
929 1437 967 1480 ex
1000 1417 1108 1480 animo
1141 1421 1175 1480 et

167 1523 312 1585 corpore,
335 1503 369 1566 in
391 1505 526 1586 utroque
549 1502 674 1566 iuvaret
690 1523 763 1566 enm
782 1524 819 1566 ac
840 1502 1029 1567 contineret.
1066 1503 1175 1587 Atque

167 1591 214 1654 ita
245 1612 279 1654 re
310 1590 500 1673 simpliciter
534 1590 639 1672 primo
671 1587 829 1654 collocata
860 1590 984 1673 reliqua
1021 1591 1173 1656 subtilius
1188 1617 1215 1656 a

166 1681 396 1761 persequentes
415 1678 558 1760 corporis
576 1678 663 1742 bona
682 1676 811 1742 facilem
830 1678 991 1762 quandam
1013 1677 1174 1743 rationem
1276 1719 1277 1736 η

166 1765 287 1830 habere
309 1765 498 1848 censebant3
522 1765 560 1829 de
584 1765 685 1828 animi
708 1766 802 1829 bonis
826 1767 1006 1830 accuratius
1031 1767 1174 1850 exquire·

166 1853 247 1916 bant
278 1853 314 1916 in
343 1853 520 1936 primisque
552 1852 757 1936 reperiebant
789 1873 860 1917 esse
890 1854 925 1916 in
956 1853 996 1917 iis
1028 1854 1173 1917 iustitiae
1276 1851 1277 1910 Ῐ

167 1941 291 2004 semina
317 1940 478 2022 primique
507 1961 545 2002 ex
573 1939 722 2004 omnibus
751 1939 954 2023 philosophis
976 1943 1094 2004 natura
1115 1943 1173 2006 tri·
1276 1945 1277 1948 ’

167 2028 280 2092 butum
309 2047 378 2090 esse
406 2026 593 2108 docuerunt,
620 2029 657 2090 nt
679 2027 716 2109 ii,
743 2028 797 2109 qui
827 2029 986 2110 procreati
1009 2033 1129 2111 essent,
1154 2051 1215 2094 aaa

166 2113 427 2196 procreatoribus
469 2117 665 2196 amarentur,
706 2117 751 2197 et,
791 2113 825 2178 id
865 2115 950 2198 qnod
989 2119 1174 2200 temporum

167 2201 279 2265 ordine
302 2201 466 2285 antiquius
494 2203 558 2283 est,
586 2203 623 2265 ut
645 2201 795 2286 coniugia
817 2202 959 2268 virorum
983 2207 1017 2268 et
1037 2225 1174 2269 uxorum

165 2291 282 2352 natura
299 2288 472 2353 coniuncta
490 2309 560 2352 esse
578 2287 735 2373 dicerent,
753 2311 817 2373 qua
836 2311 874 2354 ex
893 2291 994 2374 stirpe
1012 2292 1174 2356 orirentur
1276 2311 1277 2366 l

167 2377 327 2440 amicitiae
351 2376 588 2460 cognationum.
633 2377 742 2461 Atque
765 2378 806 2441 ab
833 2377 885 2441 his
909 2379 1012 2443 initiis
1035 2379 1173 2464 profecti
1276 2381 1277 2470 l

166 2465 311 2528 omnium
333 2463 490 2527 virtutum
514 2467 547 2528 et
569 2463 726 2549 originem
753 2467 787 2528 et
813 2466 1073 2550 progressionem
1100 2489 1172 2550 per·
1187 2494 1213 2534 aa
1276 2479 1277 2554 j

167 2552 268 2616 secuti
300 2555 384 2618 sunt.
437 2551 487 2616 Ex
520 2573 583 2635 quo
611 2551 799 2636 magnitudo
832 2574 958 2636 quoqne
990 2554 1090 2618 animi
1121 2576 1172 2620 ex·
1276 2559 1277 2602 l

166 2638 317 2722 sistebat,
344 2660 408 2721 qua
435 2639 529 2703 facile
556 2643 666 2721 posset
691 2642 866 2724 repugnari
898 2641 1076 2725 obsistique
1106 2642 1172 2708 for·

165 2727 273 2808 tunae,
292 2725 377 2809 qnod
395 2725 554 2790 maximae
573 2747 625 2790 res
644 2731 751 2790 essent
768 2727 802 2791 in
822 2731 987 2810 potestate
1006 2730 1172 2811 sapientis.

164 2811 349 2876 Varietates
378 2817 485 2877 autem
512 2813 711 2896 iniuriasque
736 2813 884 2881 fortunae
909 2815 1006 2881 facile
1028 2821 1172 2882 veterum

164 2899 433 2982 philosophorum
468 2901 650 2983 praeceptis
688 2902 838 2968 instituta
878 2903 948 2967 vita
989 2905 1172 2987 superabat.
1186 2930 1212 2971 as
1276 2927 1277 2976 l

114 3007 146 3058 18
164 2986 335 3070 Principiis
355 2989 462 3052 autem
481 3010 501 3052 a
518 2993 635 3052 natura
659 2988 744 3053 datis
763 2990 990 3073 amplitudines
1015 2991 1170 3076 quaedam

164 3075 323 3139 bonorum
360 3074 596 3158 excitabantur,
632 3077 751 3158 partim
784 3077 946 3160 profectae
979 3101 999 3143 a
1030 3084 1171 3146 contem·

163 3163 305 3246 piatione
333 3183 439 3227 rerum
468 3163 680 3247 occultarum,
707 3165 791 3247 quod
819 3169 888 3229 erat
919 3166 1036 3232 insitus
1068 3169 1171 3232 menti

164 3250 358 3334 cognitionis
390 3270 494 3328 amor,
527 3271 544 3314 e
570 3273 633 3334 quo
663 3252 760 3316 etiam
792 3252 928 3316 rationis
962 3253 1171 3337 explicandae

164 3337 404 3423 disserendique
436 3337 596 3421 cupiditas
629 3339 896 3424 consequebatur,
929 3342 1077 3425 quodque
1109 3342 1171 3408 hoc
1185 3369 1212 3410 aa

164 3425 268 3488 solum
293 3425 414 3490 animal
436 3427 549 3490 natum
574 3429 623 3490 est
649 3425 779 3508 pudoris
803 3447 841 3490 ac
865 3429 1076 3493 verecundiae
1097 3451 1171 3513 par·

161 3512 264 3595 ticeps
289 3517 509 3597 appetensque
532 3513 714 3578 convictum
736 3513 903 3580 hominum
922 3536 959 3581 ae
982 3517 1171 3582 societatem
