2586 3950
156 169 220 233 184
317 171 366 225 DE
384 170 530 225 FINIBUS
548 169 729 226 BONORUM
746 172 794 226 ET
813 172 996 227 MALORUM

154 333 201 397 sic
219 329 441 418 appellemus),
460 336 584 397 motum
603 335 660 396 aut
678 335 805 398 statum·
819 355 888 398 esse
907 333 990 399 dixit
1008 338 1163 400 enatura

154 419 313 484 absoluto.
363 417 506 504 Cumque
532 441 639 484 rerum
670 421 819 486 notiones
851 421 886 485 in
917 422 1036 486 animis
1071 423 1162 506 fiant,

154 508 182 571 si
204 510 261 572 aut
283 528 343 572 usu
366 507 488 592 aliquid
511 509 676 592 cognitum
704 508 747 572 sit
777 513 833 574 aut
855 509 1081 575 coniunctione
1104 515 1169 580 aut,

155 595 364 660 similitudine
388 599 445 659 aut
467 597 640 662 collatione
663 595 813 680 rationis,
835 596 897 662 hoc
920 601 1051 682 quarto,
1073 597 1161 682 quod

155 688 334 748 extremum
361 684 469 767 posui,
495 683 573 749 boni
599 683 719 748 notitia
744 683 833 748 facta
860 687 917 750 cst.
967 681 1048 750 Cum
1075 686 1188 752 enims

21 767 23 778 '
108 845 109 853 ἵ
156 771 261 836 abiis
287 771 399 854 rebus,
426 793 508 854 quae
531 775 606 836 eunt
629 771 802 836 secundum
824 777 988 855 naturam,
1018 774 1161 838 aseendit

155 860 280 922 enimus
313 858 489 924 collatione
520 859 672 940 rationiS‚
703 862 774 924 tum
805 859 847 924 ad
883 860 1049 927 notionem
1082 861 1161 926 boni

102 967 136 1014 34
154 947 309 1029 pervenit.
358 945 430 1011 Hoc
459 949 566 1010 autem
593 946 701 1028 ipsum
728 947 849 1012 bonum
879 969 946 1014 non
977 949 1160 1014 accessione

154 1056 257 1118 neque
290 1034 461 1099 crescendo
494 1037 551 1098 aut
582 1055 655 1098 cum
689 1035 804 1099 ceteris
840 1037 1069 1120 comparando,
1105 1036 1160 1101 sed

153 1123 287 1205 propria
309 1122 341 1186 vi
359 1143 419 1186 sua
437 1126 470 1186 et
493 1122 650 1186 sentimus
673 1125 706 1186 et
728 1123 928 1206 appellamus
951 1124 1079 1190 bonum.
1114 1123 1203 1190 Utro

154 1209 240 1273 enim
268 1209 346 1292 mel,
374 1209 435 1272 etsi
462 1209 682 1274 dulcissimum
710 1214 773 1294 est,
806 1233 864 1276 suo
891 1214 1000 1276 tamen
1027 1213 1159 1295 proprio

153 1317 270 1381 genere
290 1296 428 1379 saporiS,
450 1318 516 1362 non
534 1298 774 1390 comparatione
793 1319 866 1362 eum
885 1299 957 1364 aliis
977 1299 1067 1364 dulce
1091 1322 1161 1365 esse

154 1385 304 1467 sentitur,
336 1385 383 1449 sie
413 1385 534 1450 bonum
566 1384 640 1467 hoc,
672 1385 711 1449 de
738 1407 801 1469 quo
832 1387 972 1472 agimus,
1004 1391 1054 1452 est
1079 1387 1161 1453 illud

153 1470 282 1558 quide'm
298 1472 430 1555 plurimi
450 1472 694 1550 aestimandum,
714 1474 770 1538 sed
788 1495 826 1538 ea
840 1475 1024 1559 aestimatio
1044 1495 1160 1560 genere

152 1561 252 1644 valet,
278 1581 345 1625 non
367 1560 599 1645 magnitudine.
643 1558 728 1625 Nam
753 1581 825 1626 eum
848 1562 1047 1646 aestimatio,
1077 1586 1159 1648 quae
1174 1588 1201 1628 rs

152 1644 227 1726 ἀξία
250 1647 382 1731 dicitur,
410 1668 514 1733 neque
536 1649 571 1712 in
593 1648 687 1714 bonis
709 1652 879 1715 numerata
902 1652 946 1715 sit
965 1673 1026 1716 nee
1047 1673 1159 1717 rursus
1275 1711 1279 1719 ,

151 1736 187 1799 in
209 1736 318 1820 malis,
339 1739 632 1820 quantumcumque
651 1757 689 1800 eo
708 1735 882 1820 addideris,
904 1739 938 1802 in
961 1760 1019 1804 suo
1043 1759 1160 1824 genere

153 1817 326 1888 manebit*
350 1823 426 1888 Alia
450 1827 500 1888 est
526 1823 628 1908 igitur
652 1825 993 1912 proprialaestimatio
1016 1827 1159 1911 uirtutis,

100 1930 134 1978 35
154 1933 236 1995 quae
263 1931 393 1995 genere,
420 1932 487 1977 non
509 1912 678 1977 crescendo
706 1913 800 1976 ualet
845 1911 914 1978 Nec
936 1936 1011 1980 vero
1034 1919 1158 1998 pertur-

152 1998 300 2063 bationes
325 1999 518 2082 animorum,
541 2020 622 2083 quae
640 2000 742 2064 vitam
759 2001 983 2084 insipientium
1006 2003 1158 2068 miseram
1172 2029 1201 2069 ao

152 2086 364 2170 acerbamque
386 2085 539 2167 reddunt,
562 2123 604 2132 -
628 2108 707 2171 quas
728 2085 843 2153 Graeci
864 2085 958 2172 πάθη
982 2090 1158 2173 appellant,

74 2245 76 2252 s
151 2177 298 2257 poteram
327 2193 387 2257 ego
414 2173 547 2238 verbum
574 2175 682 2258 ipsum
705 2175 923 2260 interpretans
949 2178 1079 2242 morbos
1103 2200 1158 2261 ap-

151 2262 287 2345 pellare,
314 2260 376 2324 sed
408 2282 473 2326 non
505 2263 690 2326 conveniret
721 2262 761 2327 ad
794 2265 910 2329 omnia
960 2265 1040 2342 Quis
1073 2269 1159 2331 enim

151 2349 406 2422 misericordiam
437 2351 495 2413 aut
525 2349 631 2432 ipsam
662 2350 862 2416 iracundiam
894 2353 1043 2418 morbum
1076 2355 1160 2420 solet
1288 2413 1289 2428 ,

152 2437 278 2501 dicere?
306 2440 341 2501 at
367 2437 418 2500 illi
444 2437 555 2500 dicunt
576 2436 692 2514 πάθος.
742 2437 792 2503 Sit
818 2439 920 2523 igitur
946 2442 1157 2527 perturbatio,
1172 2469 1200 2510 as
1288 2447 1289 2512 i

151 2547 232 2609 quae
259 2524 389 2589 nomine
416 2525 487 2607 ipso
515 2525 635 2590 vitiosa
663 2525 819 2591 declarari
844 2527 973 2592 videtur
1000 2531 1073 2610 [nec
1102 2553 1158 2596 eae

150 2612 411 2696 perturbationes
435 2612 468 2676 vi
491 2613 599 2696 aliqua
621 2613 763 2678 naturali
785 2618 979 2698 moventur}
1024 2616 1157 2684 Omnes·
1288 2697 1289 2700 Ἴ

151 2721 211 2783 que
234 2721 290 2764 eae
313 2703 390 2764 sunt
412 2720 528 2784 genere
552 2704 720 2785 quattuor,
742 2703 890 2785 partibus
908 2704 1032 2789 plures,
1054 2707 1158 2790 aegri·

149 2786 237 2869 tudo,
255 2786 404 2871 formido,
421 2787 533 2870 libide,
550 2809 708 2874 quamque
727 2786 829 2855 Stoici
847 2793 1010 2858 communi
1026 2796 1156 2860 nomine
1227 2809 1233 2822 ·
1288 2815 1289 2852 l

150 2875 294 2959 corporis
318 2879 351 2938 et
374 2875 474 2940 animi
496 2870 627 2960 ἡδονήν
646 2877 826 2960 appellant,
850 2899 911 2962 ego
931 2881 1018 2947 malo
1040 2881 1155 2946 laeti·
1169 2908 1196 2948 eo
1288 2879 1289 2950 ζ

149 2962 243 3027 tiam
266 2963 443 3047 appellare,
473 2963 565 3048 quasi
588 2965 757 3048 gestientis
782 2966 882 3030 animi
905 2967 1079 3033 elationem
1101 2991 1156 3035 vo·
1288 2973 1289 3048 J

149 3051 332 3134 luptariam.
390 3050 654 3116 Perturbationes
688 3057 795 3117 autem
830 3054 921 3119 nulla
952 3060 1088 3120 naturae
1122 3057 1157 3122 vi
1288 3069 1289 3072 ’

149 3142 404 3224 commoventur,
433 3140 604 3224 omniaque
628 3158 673 3204 ea·
690 3143 766 3205 sunt
789 3142 956 3232 opiniones
980 3165 1017 3209 ac
1038 3144 1157 3210 iudicia
1285 3075 1289 3228 l

148 3226 299 3292 levitatis.
345 3226 458 3311 Itaque
485 3227 536 3291 hia
560 3228 687 3310 sapiens
712 3250 839 3312 semper
861 3231 997 3295 vacabit.
1253 3277 1257 3286 .

95 3293 137 3418 ἑὲ
215 3313 317 3380 Omne
341 3319 462 3399 autem,
492 3315 576 3398 quod
599 3315 771 3381 honestum
795 3318 850 3394 sit,
873 3318 907 3382 id
930 3340 1000 3383 esse
1022 3324 1194 3403 propteree

148 3423 182 3466 se
215 3403 440 3486 expetendum,
472 3423 638 3467 commune
670 3405 764 3476 nobie
796 3409 847 3470 est
879 3427 951 3470 curn
979 3407 1153 3471 multorum

147 3489 285 3555 aliorum
299 3489 574 3574 ‘philosophorum
599 3491 777 3557 sententiis.
821 3492 955 3558 Praeter
978 3494 1065 3560 enim
1086 3499 1153 3560 tres
