2564 3952
161 217 227 280 314
357 215 655 271 TUSCULANARUM
673 213 975 272 DISPUTATIONUM

160 381 329 460 interesse,
361 399 420 443 neo
451 377 554 461 pluris
586 398 672 442 nunc
703 376 809 442 facere
836 375 879 440 M.
907 374 1079 442 Camillum
1110 375 1173 440 hoc

161 467 254 532 civile
289 467 423 549 bellum,
456 488 552 550 quam
581 486 641 550 ego
673 465 731 528 illo
763 465 838 529 vivo
870 464 999 529 fecerim
1030 463 1173 528 Romam

161 559 298 638 captam.
336 552 401 618 Cur
419 554 520 638 igitur
542 557 575 618 et
598 550 769 618 Camillus*
779 553 916 635 doleret,
941 552 969 616 si
991 553 1072 617 haec
1095 555 1174 635 post

161 647 321 708 trecentos
341 646 373 706 et
392 642 627 726 quinquaginta
646 641 714 706 fere
734 662 836 706 annos
856 645 1010 705 eventura
1031 643 1174 723 putaret,

162 737 195 796 et
221 753 281 816 ego
310 731 449 813 doleam,
477 731 504 794 si
532 729 572 794 ad
600 729 709 794 decem
738 730 829 794 milia
856 749 1012 794 annorum
1040 732 1199 813 gentcma
1268 781 1269 810 ,

161 821 303 903 aliquam
330 819 409 883 urbe
436 823 548 883 nostra
575 819 752 902 potituram
779 818 912 902 putem?
963 815 1045 893 Quia
1077 819 1174 880 tanta
1267 813 1269 884 l

162 910 278 972 caritas
310 907 436 991 patriae
468 911 529 989 est,
561 909 598 970 ut
629 928 700 970 caru
731 927 798 970 non
830 927 926 969 sensu
958 909 1083 986 nostro,
1115 905 1173 968 sed

107 961 151 1086 ἐξ
162 997 265 1061 salute
284 995 386 1079 ipsius
405 995 586 1059 metiamur.
617 993 730 1078 Itaque
746 1015 811 1058 non
831 993 973 1058 deterret
990 993 1172 1076 sapientem

161 1107 262 1161 mors,
294 1104 375 1167 quae
408 1087 540 1166 propter
567 1083 707 1147 incertos
737 1104 829 1147 casus
861 1081 980 1146 cotidie
1011 1081 1174 1164 imminet,

161 1176 294 1256 propter
322 1172 513 1235 brevitatem
540 1172 626 1235 vitae
652 1192 826 1253 numquam
856 1173 966 1253 potest
991 1169 1089 1254 longe
1115 1169 1172 1234 ab·
1188 1195 1214 1234 ro

161 1282 245 1342 esse,
268 1281 331 1343 quo
350 1258 457 1322 minus
482 1259 517 1322 in
536 1279 631 1322 omne
654 1263 782 1341 tempus
801 1259 848 1322 rei
870 1257 1026 1341 publicae¹
1038 1257 1172 1342 suisque

162 1347 310 1412 consulat
333 1350 389 1411 aut
411 1347 634 1429 posteritatem
656 1347 776 1430 ipsam,
803 1346 893 1410 cuius
922 1367 1051 1410 sensum
1078 1345 1173 1410 habi·
1268 1421 1269 1424 Ἴ

161 1441 253 1500 turus
284 1456 351 1500 non
383 1435 438 1517 sit,
472 1434 511 1498 ad
544 1457 578 1498 se
610 1439 703 1518 putet
733 1434 904 1517 pertinere.
959 1433 1064 1509 Quare
1095 1433 1175 1498 licet
1268 1459 1269 1510 3

119 1587 123 1593 .
162 1524 259 1589 etiam
282 1524 453 1588 mortalem
478 1545 547 1587 esse
570 1524 714 1587 animum
737 1523 933 1586 iudicantem
954 1526 1172 1586 1111111110-

160 1613 227 1693 liri,
255 1634 321 1677 non
349 1611 473 1697 gloriae
501 1611 691 1695 cupiditate,
719 1632 817 1695 quam
846 1631 996 1676 sensurus
1024 1631 1090 1674 non
1118 1611 1174 1694 111,
1189 1637 1213 1675 15

161 1702 218 1767 sed
244 1701 388 1783 virtutis,
420 1723 516 1784 quam
546 1699 729 1764 necessario
758 1699 876 1782 gloria,
909 1699 1036 1764 etiarnsi
1067 1702 1105 1762 tu
1139 1699 1173 1763 id
1268 1719 1269 1736 ³

160 1811 227 1855 non
250 1811 344 1874 agas,
366 1793 588 1872 consequatur.
772 1840 775 1846 .
1268 1799 1269 1862 l

227 1876 353 1941 Natura
371 1897 447 1942 vero
465 1878 495 1941 11
513 1899 546 1940 11
566 1877 612 1940 111
630 1875 742 1960 habet,
765 1877 814 1958 ut,
838 1897 901 1960 qno
919 1875 1015 1940 modo
1039 1874 1171 1940 initium
1268 1875 1269 1927 l

160 1965 255 2031 nobis
279 1986 385 2029 rerum
410 1965 553 2028 omnium
578 1968 668 2028 ortus
687 1967 797 2029 noster
815 1963 953 2045 adferat,
977 1963 1023 2027 sic
1046 1963 1177 2027 exitum

161 2075 262 2129 mors,
284 2056 321 2116 ut
343 2051 426 2116 nihil
449 2052 605 2135 pertinuit
628 2051 669 2116 ad
691 2073 750 2116 nos
775 2055 848 2116 ante
872 2055 992 2135 ortum,
1018 2051 1064 2115 sic
1086 2051 1172 2115 nihil
1186 2077 1212 2116 ao

161 2145 237 2224 post
267 2142 405 2203 mortem
437 2139 621 2223 pertinebit.
679 2139 718 2204 In
750 2162 813 2224 quo
850 2139 927 2222 qnid
959 2141 1067 2222 potest
1100 2161 1172 2204 esse

161 2229 253 2310 mali,
276 2249 349 2292 cum
376 2248 463 2290 mors
490 2249 548 2292 nec
576 2229 616 2292 ad
639 2229 730 2292 vivos
753 2228 913 2316 pertineat
934 2248 994 2290 nec
1021 2227 1062 2292 ad
1085 2249 1173 2292 mor·

22 2337 25 2345 ·
108 2340 143 2388 91
161 2316 257 2382 tuos?
294 2314 401 2380 Alteri
424 2316 506 2379 nulli
530 2319 618 2397 sunt,
640 2316 762 2380 alteros
785 2337 850 2380 non
875 2315 1024 2400 attinget.
1066 2314 1173 2391 Quam

163 2405 218 2489 qui
245 2404 400 2469 leviorem
426 2403 565 2488 faciunt,
593 2405 697 2469 somni
725 2404 924 2468 simillimam
951 2403 1064 2468 volunt
1090 2426 1173 2468 1111.

162 2493 262 2568 Quasi
280 2515 356 2557 vero
379 2491 550 2577 quisquam
570 2493 617 2556 111
634 2492 815 2577 nonaginta
834 2513 935 2557 anuos
953 2491 1034 2555 velit
1052 2491 1173 2576 111111,
1186 2518 1212 2558 11

162 2587 210 2662 ut,
242 2603 314 2645 cum
347 2580 516 2665 sexaginta
549 2579 734 2662 confecerit,
771 2580 912 2663 reliquos
944 2578 1097 2644 dormiat!
1129 2601 1172 2644 ne

162 2670 212 2732 sui
244 2669 372 2751 quidem
404 2668 436 2731 id
469 2669 583 2749 velint,
621 2691 688 2732 non
719 2668 814 2732 modo
846 2669 924 2750 ipse.
981 2667 1173 2750 Endymion
1267 2693 1268 2744 l

161 2777 252 2839 vero,
275 2757 304 2819 si
325 2755 452 2820 fabulas
476 2756 586 2820 audire
608 2757 770 2839 volumus,
793 2758 830 2819 ut
851 2754 961 2820 nescio
985 2753 1113 2838 quando
1136 2756 1173 2822 in
1267 2751 1268 2800 3

161 2843 276 2908 Latmo
296 2843 505 2929 obdormivit,
523 2845 577 2927 qui
596 2848 645 2908 est
664 2866 756 2908 mons
776 2842 904 2926 Cariae,
925 2843 1077 2925 noudum,
1100 2844 1172 2927 opi·
1267 2919 1268 2924 γ

161 2954 235 3015 nor,
258 2935 309 2996 est
331 2936 545 3014 experrectus.
589 2931 676 2996 Num
699 2932 799 3016 igitur
822 2952 895 2995 eum
918 2952 1029 2996 curare
1048 2951 1171 3015 censes,
1185 2957 1211 2997 eo
1267 2939 1268 2986 l

161 3042 233 3084 cum
257 3018 348 3085 Luna
366 3019 515 3084 laboret?
538 3042 639 3103 aqua
657 3020 843 3103 consopitus
866 3022 1014 3102 putatur,
1035 3023 1073 3084 ut
1095 3039 1172 3084 eum

160 3109 374 3173 dormientem
403 3109 608 3172 oscularetur.
659 3106 742 3183 Quid
773 3110 862 3172 curet
890 3110 1013 3189 autem,
1046 3108 1101 3192 qui
1129 3129 1172 3172 ne
1267 3101 1268 3149 l

162 3197 262 3261 sentit
280 3195 429 3278 quidem?
459 3196 570 3261 Habes
589 3217 738 3260 somnum
757 3195 933 3279 imaginem
952 3195 1066 3259 mortis
1086 3217 1171 3260 eam·

161 3305 222 3368 quc
250 3284 367 3348 cotidie
394 3283 515 3366 induis,
541 3287 574 3347 et
596 3283 738 3366 dubitas,
766 3283 844 3366 quin
871 3305 984 3348 sensus
1007 3283 1042 3348 in
1064 3288 1171 3349 morte

160 3370 270 3435 nullus
294 3371 352 3454 111,
375 3393 447 3434 cnm
469 3373 505 3434 iu
527 3370 596 3434 eius
619 3371 790 3436 simulacro
818 3371 929 3435 videas
952 3391 1021 3435 1111
1043 3371 1172 3436 nullum
1186 3397 1210 3438 11

162 3457 313 3521 sensum?
1018 3509 1021 3516 ,

109 3515 151 3638 ἒξ
228 3544 393 3608 Pellantur
424 3564 501 3628 ergo
532 3545 614 3608 istae
642 3546 782 3628 ineptiae
812 3567 914 3629 paene
947 3546 1063 3630 aniles,
1094 3551 1171 3613 ante
