2586 3950
155 215 219 280 180
316 214 364 268 DE
383 212 529 268 FINIBUS
547 213 727 268 BONORUM
745 213 793 267 ΕΤ
812 213 995 270 MALORUM

152 379 316 459 ultimum,
339 375 434 459 quale
456 396 517 439 nos
541 396 700 439 summum
723 375 758 439 in
781 375 851 440 vita
874 377 994 442 bonum
1017 377 1162 461 dicimus,

151 467 232 530 illud
264 469 385 545 autem,
417 467 455 526 ut
485 463 597 547 feriat,
629 464 721 548 quasi
758 464 970 548 seligendum,
1008 487 1074 530 non
1110 488 1162 530 ex-

154 554 336 638 petendum.

219 640 301 707 (lum
333 643 440 704 autem
476 640 585 704 omnia
621 640 729 704 officia
767 663 787 704 a
821 641 989 725 principiis
1025 647 1163 707 naturae

153 731 410 816 proficiscantur,
439 728 479 791 ab
510 727 613 792 isdem
640 749 771 794 neeesse
794 731 845 792 est
874 730 1035 812 proficisci
1058 730 1189 813 ipsams

153 819 354 903 sapientiam.
400 814 463 880 Sed
495 837 590 899 quem
623 815 664 879 ed
696 816 827 881 modum
855 838 952 900 saepe
979 818 1030 900 fit,
1060 823 1098 882 ut
1124 819 1163 919 isi
1288 899 1289 902 Ἴ

154 909 210 994 qui
241 903 483 972 commendatus
511 904 555 968 sit
587 905 697 987 alicui,
729 905 832 988 pluris
865 926 938 970 euni
969 905 1083 989 faeiat,
1112 927 1164 970 eu1
1287 915 1289 942 ³

154 994 409 1075 commendatus,
443 1013 540 1076 quam
572 992 679 1075 illum,
714 1014 733 1055 a
765 1013 829 1076 quo
863 994 920 1076 sit,
953 993 1000 1058 sic
1030 994 1165 1058 minime

154 1086 271 1149 mirum
290 1085 340 1146 est
361 1081 466 1165 primo
484 1100 545 1144 nos
564 1081 743 1164 sapientiae
761 1081 980 1146 commendari
998 1082 1039 1146 ab
1061 1082 1164 1147 initiis

154 1177 302 1253 naturae,
324 1171 401 1253 post
419 1173 527 1232 autem
549 1168 658 1251 ipsam
676 1169 870 1252 sapientiam
887 1169 982 1234 nobis
1009 1171 1164 1234 cariorem
1180 1199 1205 1237 ιο
1281 1205 1289 1239 r

154 1261 237 1343 fieri,
269 1279 365 1341 quam
396 1255 454 1321 illa
486 1256 566 1340 sint,
599 1279 618 1320 a
646 1257 763 1340 quibus
792 1256 833 1321 ad
859 1257 943 1322 hane
973 1258 1164 1323 venerimus.
1288 1253 1289 1336 g

154 1350 262 1432 Atque
289 1349 326 1410 nt
352 1345 498 1408 membra
524 1344 620 1410 nobis
650 1345 698 1410 ita
725 1344 801 1409 data
829 1349 918 1427 sunt,
944 1349 982 1410 ut
1004 1345 1045 1410 ad
1068 1368 1166 1430 quan·

155 1439 229 1502 dam
252 1434 413 1498 rationem
435 1433 565 1497 vivendi
588 1433 665 1496 data
689 1453 759 1496 esse
782 1437 973 1517 appareant,
999 1433 1046 1498 sie
1068 1456 1166 1518 appe-

154 1525 229 1589 titio
253 1522 367 1606 animi,
390 1542 472 1605 quae
494 1514 582 1604 ὁρμή
603 1519 722 1586 Graece
744 1524 891 1604 vocatur,
913 1543 980 1587 non
1004 1522 1044 1586 ad
1067 1522 1167 1606 quod-

155 1613 204 1677 vis
237 1631 338 1696 genus
370 1609 469 1692 vitae,
507 1609 562 1673 sed
594 1609 635 1673 ad
666 1609 827 1694 quandam
866 1607 1006 1674 formam
1037 1611 1167 1675 vivendi
1181 1639 1207 1677 ια

104 1721 137 1770 24
156 1701 281 1765 videtur
309 1698 398 1781 data,
425 1698 566 1782 itemque
590 1701 623 1762 et
645 1697 730 1761 ratio
754 1701 788 1761 et
815 1697 959 1781 perfecta
982 1699 1075 1763 ratio.
1120 1697 1167 1764 Ut

157 1790 242 1853 enim
264 1785 417 1851 histrioni
444 1786 543 1868 aetio,
572 1785 721 1850 saltatori
744 1788 852 1849 motus
874 1806 940 1850 non
964 1785 1082 1869 quivis,
1110 1786 1166 1852 sed

157 1881 263 1943 certus
293 1874 423 1958 quidam
450 1878 500 1937 est
527 1872 635 1956 datus,
670 1874 716 1936 sic
743 1873 813 1938 vita
840 1873 964 1958 agenda
996 1877 1046 1938 est
1077 1879 1165 1938 certo

157 1985 273 2050 genere
296 1962 450 2046 quodam,
474 1982 540 2025 non
563 1960 721 2044 quolibet3
745 1961 830 2045 quod
852 1981 952 2046 genus
977 1962 1165 2026 conveniens

157 2054 471 2132 consentaneumque
508 2048 652 2113 dicimus.
709 2046 779 2113 Nec
817 2050 904 2113 enim
939 2050 1167 2134 gubernationi
1181 2078 1208 2116 so

159 2144 215 2206 aut
246 2138 423 2203 medicinae
456 2136 594 2201 similem
627 2137 823 2220 sapientiam
856 2159 927 2203 esse
963 2138 1167 2220 arbitramur,
1210 2171 1217 2178 -
1278 2137 1281 2144 ’

159 2228 215 2293 sed
238 2227 359 2292 actioni
381 2225 435 2289 illi'
452 2225 574 2309 potius,
598 2247 696 2310 quam
714 2225 810 2290 modo
832 2225 912 2308 dixi,
935 2229 969 2290 et
992 2227 1168 2309 saltationi,
1287 2291 1288 2314 χ

158 2316 252 2381 utin
274 2316 347 2398 ipsa
369 2313 461 2396 insit,
487 2335 551 2379 non
579 2313 661 2378 foris
688 2317 818 2397 petatur
844 2318 1036 2397 extremum,
1063 2313 1096 2378 id
1119 2319 1170 2379 est

160 2405 239 2469 artis
264 2403 398 2468 effectio.
433 2401 479 2466 Et
500 2405 611 2466 tamen
634 2404 685 2466 est
707 2401 807 2466 etiam
829 2401 895 2466 alia
917 2422 989 2465 cum
1012 2402 1064 2466 his
1087 2403 1168 2486 ipsis

160 2493 285 2558 artibus
317 2491 495 2574 sapientiae
528 2490 770 2573 dissimilitudo,
801 2492 973 2573 propterea
1004 2489 1105 2574 quod,
1134 2491 1167 2554 in
1183 2517 1209 2556 aa

160 2581 226 2646 illis
245 2583 429 2665 quaerente
447 2578 534 2643 faeta
553 2581 637 2661 sunt,
658 2599 725 2643 non
743 2577 911 2642 continent
928 2582 1038 2643 tamen
1057 2600 1169 2644 ornnes
1287 2619 1288 2662 3

159 2672 282 2754 partes,
305 2690 322 2732 e
346 2667 463 2751 quibus
486 2669 650 2750 constant3
674 2688 755 2752 quae
779 2669 888 2730 autem
905 2688 966 2732 nos
986 2671 1042 2732 aut
1064 2672 1171 2732 recta

161 2761 217 2822 aut
241 2759 343 2820 recte
366 2754 472 2819 facta
494 2753 651 2836 dicamus,
674 2756 702 2818 si
723 2754 845 2837 placet,
868 2755 916 2819 illi
934 2759 1042 2820 autem
1063 2756 1171 2839 appel-

159 2847 231 2909 lant
252 2838 510 2926 κατορθώματα,
533 2862 645 2906 omnes
668 2863 820 2907 numeros
844 2843 974 2908 virtutis
993 2845 1169 2908 continent.

161 2933 238 2999 Sola
269 2932 354 2996 enim
385 2930 546 3014 sapientia
577 2930 612 2994 in
644 2951 679 2995 se
706 2933 779 2994 tota
810 2951 963 2996 conversa
990 2934 1052 3013 est,
1085 2932 1169 3017 quod
1185 2958 1211 2996 ao
1286 2993 1287 3004 ,

108 3044 141 3095 ‘25
161 3022 245 3086 idem
273 3021 308 3084 in
336 3020 450 3085 ceteris
477 3018 601 3082 artibus
630 3039 698 3084 non
725 3018 770 3082 fle
820 3017 940 3084 Inscite
969 3023 1078 3084 autem
1105 3041 1170 3084 me·
1208 3075 1211 3080 .

161 3103 285 3175 dicinae
299 3113 332 3173 et
345 3106 589 3194 gubernationis
607 3106 759 3171 ultimum
773 3127 845 3170 curn
858 3106 973 3172 ultimo
991 3107 1170 3190 sapientiae
1286 3117 1287 3126 ’

161 3201 375 3282 comparetur.
428 3193 593 3278 Sapientia
620 3195 707 3260 enim
736 3197 769 3259 et
792 3195 892 3259 animi
914 3195 1172 3279 magnitudinem

162 3285 389 3370 complectitur
412 3287 445 3348 et
472 3283 645 3365 iustitiam,
670 3287 703 3347 et
729 3285 767 3346 ut
794 3283 917 3361 omnia,
944 3305 1026 3367 quae
1048 3283 1171 3348 homini
1285 3289 1287 3348 l

162 3374 322 3457 accidant,
357 3371 443 3436 infra
475 3392 509 3434 se
541 3392 611 3436 esse
642 3371 778 3454 iudicet,
815 3372 901 3455 quod
936 3371 1020 3436 idem
1057 3372 1171 3436 ceteris
1186 3398 1212 3437 es

162 3462 287 3527 artibus
305 3482 373 3526 non
387 3458 561 3543 contingit.
594 3457 716 3523 Tenere
732 3462 839 3522 autem
853 3459 990 3524 virtutes
1005 3481 1059 3524 eas
1073 3459 1173 3543 ipsas,

162 3571 299 3634 quarum
333 3547 429 3611 modo
465 3545 529 3610 feci
565 3547 776 3626 mentionem,
811 3569 906 3614 nemo
944 3548 1077 3632 poterit,
1109 3547 1173 3612 nisi

101 700 133 747 23
