2544 3952
140 215 207 280 462
338 215 635 271 TUSCULANARUM
653 215 955 271 DISPUTATIONUM

141 377 197 460 qui
217 376 256 442 ad
275 377 476 462 voluptatem
495 399 534 442 ea
552 377 705 459 referunt,
727 400 809 462 quae
829 381 1003 462 sequuntur
1020 377 1055 442 in
1075 379 1156 464 vita,
1252 377 1259 410 ³³

141 471 188 549 ut,
211 487 410 550 quocumque
427 466 507 530 haec
527 467 598 530 loeo
613 467 843 550 suppeditetur,
861 467 908 530 ibi
921 467 1015 531 beate
1030 472 1156 552 queant

141 555 258 619 vivere.
293 553 408 638 Itaque
428 555 468 619 ad
487 576 613 619 omnem
632 555 792 620 rationem
811 554 926 619 Teucri
945 576 1009 619 vox
1027 577 1155 620 accom-

142 639 413 738 modari'potest:

210 765 344 830 Patria
367 770 437 850 est,
461 767 689 850 ubicumque
712 769 770 831 est
792 767 895 832 bene.
951 832 957 844 ,
1171 792 1184 833 5

142 904 292 972 Socrates
321 905 449 991 quidem
476 929 549 972 cum
575 912 758 992 rogaretur,
787 907 924 973 cuiatem
954 928 988 972 se
1012 929 1082 972 esse
1106 908 1157 972 di·

143 998 241 1078 ceret,
266 993 527 1060 ‘Mundanum'
547 996 665 1080 inquit3
688 998 790 1062 totius
810 997 896 1060 enim
914 997 1026 1061 mundi
1048 1019 1081 1062 se
1105 997 1156 1060 in-

143 1083 247 1148 colam
286 1086 319 1147 et
350 1085 453 1149 civem
486 1084 714 1150 arbitrabatur.
768 1084 872 1161 Quid?
928 1085 963 1149 T.
994 1085 1155 1149 Albucius

142 1192 251 1236 nonne
279 1171 387 1236 animo
419 1173 612 1255 aequissimo
635 1173 774 1238 Athenis
802 1171 875 1237 exul
900 1172 1155 1256 philosophaba-

142 1260 217 1326 tur?
246 1259 297 1325 cui
324 1263 434 1325 tamen
461 1261 543 1325 illud
570 1261 678 1346 ipsum
705 1284 770 1327 non
794 1260 976 1346 accidisset,
1003 1263 1031 1325 si
1059 1262 1095 1325 in
1118 1283 1155 1325 re
1171 1287 1199 1326 10
1243 1276 1259 1306 *³

91 1362 141 1412 109
164 1346 296 1433 publiea
309 1349 475 1433 quiescens
488 1347 623 1433 Epicuri
641 1350 768 1434 legibus
786 1349 958 1432 paruisset.
990 1347 1051 1425 Qui
1067 1350 1156 1413 enim

142 1438 269 1502 beatior
286 1435 459 1521 Epicurus,
482 1439 566 1522 quod
589 1439 624 1502 in
646 1439 753 1521 patria
770 1438 914 1521 vivebat,
938 1459 1041 1523 quam,
1066 1439 1155 1522 quod

142 1525 295 1608 Athenis,
317 1525 543 1590 Metrodorus?
568 1529 624 1591 aut
646 1525 740 1591 Plato
764 1525 978 1591 Xenocratem
1001 1527 1155 1591 vincebat

143 1618 199 1679 aut
229 1613 363 1679 Polemo
394 1613 588 1697 Arcesilam,
618 1637 680 1697 quo
710 1619 796 1679 esset
826 1614 976 1680 beatior?
1031 1614 1155 1691 Quanti
1246 1665 1259 1710 4

143 1703 301 1782 veroista
323 1702 438 1768 civitas
462 1703 661 1782 aestimanda
684 1705 747 1786 est,
775 1723 813 1766 ex
840 1725 903 1786 qua
926 1703 1004 1768 boni
1028 1704 1155 1786 sapien·
1171 1728 1198 1768 15

142 1795 255 1876 tesqua
273 1790 460 1874 pelluntur?
492 1789 688 1855 Damaratus
707 1791 843 1874 quidem,
862 1791 1030 1874 Tarquinii
1044 1793 1155 1856 'nostri

142 1881 230 1964 regis
253 1882 357 1962 pater,
385 1883 560 1962 tyrannum
583 1877 759 1962 Cypselum
788 1878 873 1964 quod
900 1879 984 1943 ferre
1006 1901 1071 1944 non
1095 1901 1155 1962 po·

142 1971 241 2046 terat,
267 1967 355 2051 fugit
377 1967 570 2050 Tarquinios
594 1965 751 2032 Corintho
775 1971 808 2030 et
834 1967 881 2032 ibi
905 1989 978 2032 suas
1004 1967 1153 2032 fortunas
1258 2003 1259 2034 1

90 2115 132 2179 38

143 2235 253 2296 motus
274 2230 388 2314 animi,
417 2229 651 2295 sollicitudines
677 2231 958 2316 aegritudinesque
986 2233 1153 2298 oblivione

143 2055 313 2121 constituit
330 2076 367 2119 ac
385 2055 505 2119 liberos
524 2056 714 2138 procreavit.
746 2053 834 2119 Num
855 2055 952 2120 stulte
970 2058 1154 2139 anteposuit

91 2192 142 2241 110
165 2143 254 2208 exilii
290 2143 475 2207 libertatem
512 2143 703 2208 domesticae
741 2143 911 2208 servituti?
966 2142 1037 2208 Iam
1075 2166 1150 2209 vcro
1168 2172 1196 2211 so
1255 2167 1259 2190 ⁴

142 2320 307 2386 leniuntur
333 2319 491 2384 traductis
519 2319 636 2384 animis
666 2322 710 2385 ad
729 2320 938 2404 voluptatem.
983 2318 1059 2386 Non
1083 2322 1153 2386 sine
1258 2353 1259 2392 ᾗ

144 2430 240 2473 causa
262 2407 363 2492 igitur
380 2406 542 2492 Epicurus
562 2429 657 2472 ausus
682 2412 731 2473 est
754 2409 857 2474 dicere
881 2429 1008 2492 semper
1024 2409 1060 2474 in
1082 2410 1154 2493 plu·
1258 2423 1259 2428 ’

141 2497 233 2560 ribus
256 2496 351 2560 bonis
370 2517 441 2561 esse
460 2496 651 2581 sapientem,
674 2498 749 2581 quia
772 2518 898 2581 semper
920 2498 964 2562 sit
986 2498 1021 2561 in
1041 2499 1155 2582 volup·

142 2584 274 2649 tatibus.
319 2582 450 2669 Exque
474 2585 558 2649 effici
580 2589 676 2668 putat
697 2586 769 2669 ille,
792 2585 877 2670 quod
900 2586 1094 2669 quaerimus,
1117 2590 1155 2651 ut
1168 2611 1196 2652 as

90 2694 139 2744 111
166 2671 293 2756 sapiens
331 2693 456 2758 semper
488 2673 601 2738 beatus
639 2675 691 2738 sit.
746 2673 910 2758 Etiamne,
943 2674 971 2738 si
1003 2676 1154 2741 sensibus
1258 2719 1259 2754 ,

143 2761 266 2827 carebit
292 2761 471 2846 oculorum,
500 2761 529 2826 si
551 2761 700 2827 aurium?
745 2759 866 2846 Etiam3
897 2785 973 2827 nam
994 2763 1059 2827 ista
1081 2764 1155 2847 ipsa
1258 2761 1259 2830 l

142 2847 330 2915 contemnit.
366 2847 511 2914 Primum
534 2851 620 2915 enim
642 2849 811 2915 horribilis
834 2851 898 2915 ista
921 2850 1059 2915 caecitas
1083 2852 1155 2934 qui·

141 2940 202 3004 bus
234 2937 366 3003 tandem
398 2942 487 3003 caret
518 2938 764 3022 voluptatibus?
797 2960 869 3003 eum
895 2939 1024 3022 quidam
1053 2939 1154 3004 etiam
1220 3011 1223 3018 ¹
1258 2961 1259 3000 l

84 3109 93 3118 ν
142 3027 309 3111 disputent
326 3029 449 3091 ceteras
468 3027 649 3110 voluptates
668 3027 702 3090 in
723 3026 803 3109 ipsis
821 3026 970 3090 habitare
988 3027 1150 3112 sensibus3
1169 3052 1198 3092 ao

142 3137 223 3200 quac
252 3118 360 3180 autem
389 3118 520 3198 aspectu
547 3115 779 3198 percipiantur,
810 3135 848 3178 ea
874 3135 941 3179 non
967 3115 1088 3178 versari
1118 3116 1155 3180 in
1258 3141 1259 3164 ³

142 3204 308 3269 oculorum
326 3203 394 3267 ulla
412 3202 625 3281 iucunditate,
643 3206 681 3266 ut
699 3225 749 3287 ea,
773 3223 853 3287 quae
872 3206 1047 3287 gustemus,
1071 3203 1154 3268 olfa-

142 3293 277 3376 ciamus,
304 3294 494 3374 tractemus,
522 3291 701 3374 audiamus,
732 3291 768 3355 in
795 3313 833 3354 ea
859 3291 943 3374 ipsa,
970 3291 1026 3355 ubi
1054 3291 1156 3355 senti·

86 3412 90 3424 ·
142 3402 228 3464 mus,
255 3383 347 3463 parte
374 3383 549 3444 versentur.
600 3379 638 3444 In
662 3379 762 3444 oculis
789 3379 855 3444 talc
877 3379 923 3443 nil
945 3379 995 3462 flu
1025 3379 1154 3444 animus

59 3546 65 3559 .
143 3467 274 3550 accipit,
303 3487 382 3550 quae
410 3467 562 3532 videmus.
611 3467 731 3532 Animo
763 3471 872 3531 autem
903 3467 1014 3530 multis
1047 3468 1154 3532 modis
1169 3493 1195 3534 aa

142 3555 304 3637 variisque
323 3554 474 3619 delectari
494 3555 585 3641 licet,
604 3555 814 3620 etiamsinon
836 3554 1027 3620 adhibeatur
1042 3577 1154 3646 aspee
1254 3614 1259 3638 ,
