2564 3952
159 205 225 268 280
352 204 651 259 TUSCULANARUM
669 205 973 260 DISPUTATIONUM

159 366 340 450 inlustrius3
373 369 408 430 at
439 388 498 433 nos
531 367 684 431 metiendi
710 366 988 451 ratiocinandique
1025 367 1171 432 utilitate

159 455 254 519 huius
280 455 358 518 artis
381 455 625 519 terminavimus
649 455 789 519 modum.

120 540 139 602 3
224 542 271 606 At
290 546 402 608 contra
427 547 589 607 oratorem
612 543 759 607 celeriter
782 543 941 626 complexi
965 565 1084 625 sumus,
1107 565 1170 606 nec

160 653 232 696 eum
250 631 356 714 primo
375 631 548 712 eruditum,
569 634 682 714 aptum
700 627 810 696 tamen
828 631 869 694 ad
887 630 1070 714 dicendum,
1092 634 1171 713 post

159 724 267 784 autem
291 718 460 784 eruditum.
503 716 590 784 Nam
613 717 764 802 Galbam,
791 716 995 804 Africanum,
1018 717 1198 783 Laeliume

159 807 271 872 doctos
293 807 394 872 fuisse
412 807 567 871 traditum
586 809 648 890 est,
672 805 851 871 studiosum
873 810 982 871 autem
1002 828 1089 890 eum,
1112 807 1170 891 qui

157 896 199 960 iis
218 899 324 960 aetate
342 895 500 977 anteibat,
524 891 693 978 Catonem,
711 897 788 977 post
807 917 883 959 vero
903 893 1071 979 Lepidum,
1091 892 1171 958 Oar-

158 985 285 1066 bonem,
299 982 471 1067 Gracchos,
488 982 562 1047 inde
581 982 628 1047 ita
641 1002 777 1066 magnos
795 984 942 1048 nostram
959 983 999 1047 ad
1019 986 1170 1065 aetatem,

158 1074 287 1136 utnon
314 1071 452 1135 multum
481 1072 537 1135 aut
563 1069 646 1135 nihil
674 1070 805 1135 omnino
833 1069 965 1135 Graecis
993 1071 1169 1144 cederetur.

158 1157 369 1240 Philosophia
396 1158 496 1222 iacuit
517 1180 618 1240 usque
642 1158 682 1222 ad
705 1157 790 1222 hanc
814 1162 955 1224 aetatem
977 1180 1036 1223 nec
1064 1158 1170 1222 ullum
1187 1184 1212 1220 11

158 1246 274 1310 habuit
297 1245 407 1309 lumen
428 1246 612 1310 litterarum
630 1242 832 1330 Latinarum3
857 1268 939 1331 quae
962 1245 1172 1312 inlustranda

159 1337 192 1398 et
215 1333 383 1397 excitanda
405 1333 501 1398 nobis
525 1337 587 1416 est,
610 1337 660 1417 ut,
683 1334 712 1396 si
735 1335 882 1416 occupati
904 1334 1085 1418 profuimus
1111 1335 1169 1398 ali·

159 1422 236 1505 quid
267 1421 390 1486 civibus
422 1422 557 1504 nostris,
586 1422 747 1504 prosimus
781 1423 893 1505 etiam,
926 1422 954 1486 si
986 1444 1170 1505 possumus,

124 1510 266 1579 octiosi.
302 1508 338 1574 Iu
364 1531 427 1593 quo
447 1531 484 1573 eo
505 1510 609 1594 magis
631 1509 726 1575 nobis
750 1514 800 1575 est
822 1509 1063 1592 elaborandum,
1082 1511 1169 1593 quod

158 1598 253 1664 multi
274 1599 340 1662 iam
363 1619 433 1662 esse
455 1597 532 1662 libri
554 1597 664 1661 Latini
687 1597 837 1662 dicuntur
856 1598 969 1680 scripti
987 1598 1169 1662 inconside-
1184 1623 1209 1661 15

158 1691 228 1750 rate
252 1687 293 1750 ab
317 1685 449 1770 optimis
471 1685 540 1750 illis
564 1685 693 1770 quidem
714 1685 806 1768 viris,
829 1684 885 1750 sed
907 1685 1073 1750 nonsatis
1097 1708 1169 1750 eru-

158 1775 243 1838 ditis.
280 1773 366 1837 Fieri
390 1777 498 1838 autem
521 1776 643 1857 potest,
666 1777 703 1837 ut
724 1778 810 1837 recte
829 1775 901 1858 quis
925 1773 1046 1838 sentiat
1069 1777 1102 1838 11
1125 1773 1168 1852 id,

159 1863 243 1946 quod
271 1862 381 1944 sentit,
413 1862 514 1944 polite
543 1861 651 1945 eloqui
678 1875 745 1926 non
776 1863 892 1947 possit3
926 1861 982 1926 sed
1013 1862 1169 1926 mandare

159 1954 426 2034 quemquamt
386 1949 426 2013 lit
427 1949 505 2012 teris
542 1949 665 2033 cogitat
615 1949 757 2013 ttiones
794 1971 883 2032 suas,
925 1950 980 2032 qui
1017 1971 1071 2012 eas
1107 1971 1169 2014 nec
1270 1951 1271 1968 ¹

159 2037 327 2119 disponere
345 2057 405 2100 nec
423 2037 596 2100 inlustrare
615 2037 722 2120 possit
738 2058 798 2100 nec
821 2036 960 2100 delectat
911 2037 1034 2100 tatione
1058 2037 1169 2121 aliqua
1184 2063 1212 2102 11

159 2125 285 2188 allicere
308 2124 373 2188 1111
359 2128 475 2207 torem,
497 2123 639 2188 hominis
663 2128 722 2188 111
731 2125 984 2226 intemperanter
1002 2125 1169 2189 abutentis

159 2215 192 2275 et
214 2213 282 2277 otio
306 2215 339 2276 et
361 2211 416 2275 litt
418 2211 489 2275 eris.
525 2210 639 2296 Itaque
658 2234 733 2276 suos
754 2212 885 2277 libros
874 2234 939 2296 rpsr
930 2213 1070 2314 legunt
1093 2233 1169 2276 cum

159 2300 240 2383 suis,
266 2321 325 2364 nec
354 2299 525 2383 quisquam
548 2303 597 2364 att
583 2301 682 2384 tingit
704 2303 833 2384 praeter
856 2321 925 2383 eos,
952 2300 1008 2384 qui
1032 2300 1169 2364 eandem

158 2388 323 2453 licentiam
356 2388 516 2452 scribendi
549 2389 612 2452 sibi
643 2388 789 2472 permitti
762 2387 941 2453 t.volunt
1001 2387 1106 2464 Quare
1141 2390 1170 2452 si

159 2476 280 2560 aliquid
314 2475 473 2541 oratoriae
507 2475 612 2540 laudis
646 2481 722 2540 nost
723 2499 760 2540 ra
796 2476 966 2541 attulimus
998 2475 1211 2555 industriam
1270 2547 1271 2552 1

159 2565 262 2628 multo
301 2563 476 2630 studiosius
513 2564 741 2648 philosophiae
777 2564 879 2629 fontis
918 2563 1169 2670 aperiemus,e
1270 2567 1271 2576 ’

161 2652 276 2734 quibus
300 2653 399 2716 etiam
421 2652 479 2716 illa
501 2653 685 2716 manabant.

119 2708 141 2769 4
227 2737 289 2803 Sed
315 2743 352 2803 ut
379 2739 507 2804 Aristot
493 2741 586 2822 11111,
615 2741 665 2804 vir
692 2761 819 2804 summo
846 2740 990 2826 ingenio,
1023 2739 1169 2821 scientia,

125 2786 267 2910 ⁷00pia,
304 2849 377 2891 cum
412 2831 520 2893 motus
557 2830 642 2892 esset
685 2826 840 2892 Isocratis
876 2828 1016 2893 rhetoris
1054 2827 1169 2911 gloria,

159 2914 264 2978 dicere
286 2915 388 2980 docem
411 2915 508 2980 etiam
533 2915 638 2998 coepit
662 2916 881 2982 adulescentes
905 2920 938 2980 et
962 2915 1168 3000 prudentiam
1183 2943 1210 2980 11

159 3024 231 3067 cum
251 3003 460 3087 eloquentia
450 3023 596 3086 rungere,
616 3003 661 3067 sic
679 3003 774 3068 nobis
792 3004 899 3087 placet
916 3024 976 3068 nec
995 3003 1169 3086 pristinum

159 3090 319 3156 dicendis
321 3091 445 3154 tudium
465 3089 623 3173 deponere
643 3095 677 3155 11
694 3092 730 3155 in
747 3091 810 3155 hac
828 3091 950 3157 maiore
969 3095 1002 3154 et
1019 3091 1169 3155 uberiore

159 3182 228 3242 arte
265 3180 394 3244 versari.
452 3176 546 3243 Hanc
584 3178 670 3243 enim
711 3180 888 3282 perfectam
928 3177 1170 3263 philosophiam

160 3287 287 3348 semper
331 3265 484 3348 iudicavi,
529 3287 610 3349 quae
653 3267 691 3330 de
733 3268 881 3331 maximis
923 3266 1168 3350 quaestionibus
1270 3285 1271 3340 1

159 3353 288 3437 copiose
311 3356 422 3436 posset
444 3356 620 3437 ornateque
643 3354 794 3438 dicere,
784 3377 819 3418 1n
833 3377 939 3456 'quam
966 3354 1167 3418 exercitatio·
1181 3379 1208 3418 ce
1270 3341 1271 3410 1

158 3459 233 3502 nem
257 3440 304 3504 ita
325 3443 441 3504 nost
410 3439 551 3512 studiose
581 3440 737 3524 dedimus,
765 3443 839 3505 ut'
829 3463 895 3506 ram
918 3443 1016 3506 1111111
1040 3441 1168 3505 scholas
1270 3447 1271 3522 1

159 3523 355 3590 Graecorum
383 3549 472 3591 more
480 3527 618 3590 habere
645 3528 850 3613 auderemus3
883 3533 921 3593 ut
946 3550 1049 3611 nuper
1074 3532 1168 3592 tuum
1270 3523 1271 3592 1
