2568 3948
375 215 443 268 ΜΒ.
462 213 510 268 IV.
538 213 615 302 cnr.
634 219 722 269 s-e.
750 219 765 280 ς
784 221 887 277 e-rn
1068 215 1133 278 205

10 363 11 444 s
128 381 216 442 artes
245 377 455 460 reliquerunt,
483 375 629 459 quodque
657 377 707 439 est
734 375 911 440 definitioni
941 375 1134 459 adiunctum,

10 477 11 482 ’
127 469 165 529 ut
187 485 239 528 res
263 464 297 527 in
319 466 429 546 partes
454 462 576 527 dividat
562 466 628 546 t,ur
650 462 784 528 idetfi
785 464 859 526 tab
882 462 1003 526 illist
971 467 1016 546 et,
1039 483 1134 546 quem

129 552 169 616 nd
192 552 324 616 modum
348 551 417 614 fieri
441 571 521 634 opor
522 553 603 632 teat,
625 550 879 640 traditur3i1tem
898 551 936 615 de
956 551 1134 633 contrariis,

129 663 149 704 a
181 639 297 724 quibus
331 638 371 703 ad
403 659 521 722 genera
559 637 743 722 formasque
779 657 932 722 generum
968 642 1135 702 venerunt.

10 743 12 822 ξ
102 727 199 793 alem
222 726 406 810 argumenti
428 727 553 789 ratione
568 726 718 790 conclusi
737 729 834 810 caput
852 747 922 789 esse
942 725 1066 789 faciunt
1089 747 1136 807 ea,

10 839 11 878 3
128 835 211 900 quae
230 814 399 897 perspicue
417 813 539 896 dicunt,
558 812 670 876 deinde
689 813 835 877 ordinem
854 816 1038 896 sequuntur,
1057 817 1135 894 tum,

128 901 206 986 quid
237 923 348 966 verum
381 901 425 965 sit
454 901 489 963 in
521 901 671 983 singulm,
704 905 846 964 extrema
883 900 1044 964 conclusio
1077 905 1135 964 est.

129 989 259 1066 Quanta
282 991 389 1052 autem
412 989 453 1052 ab
477 987 542 1051 illis
561 987 701 1052 varietas
725 990 988 1072 argumentorum
1010 987 1135 1052 ratione
1154 1001 1170 1049 9

129 1076 388 1141 concludentium
411 1097 584 1159 eorumque
608 1097 680 1138 cum
703 1076 855 1158 captiosis
874 1075 1136 1159 interrogationi-

89 1165 190 1230 robus
217 1163 460 1227 dissimilitudo!
516 1162 614 1246 Quid,
646 1163 731 1246 quod
758 1163 904 1246 pluribus
933 1163 1014 1226 locis
1044 1163 1137 1246 quasi

130 1251 335 1332 denuntiant,
359 1255 397 1314 ut
418 1271 520 1334 neque
544 1271 695 1314 sensuum
718 1250 813 1314 fidem
837 1251 906 1315 sine
929 1251 1056 1314 ratione
1077 1271 1137 1314 nec

130 1340 265 1404 rationis
298 1340 363 1403 eine
400 1339 546 1402 sensibus
580 1338 798 1422 exquiramus,
831 1341 926 1421 atque
957 1341 994 1401 ut
1026 1359 1137 1402 eorum

130 1428 269 1492 alterum
302 1425 342 1490 nb
375 1427 476 1490 altero
508 1445 547 1490 ue
577 1425 782 1508 separemus?
832 1425 939 1502 Quid?
972 1447 1023 1508 ea,
1055 1447 1136 1509 quae

130 1514 291 1578 dialectici
318 1535 404 1578 nunc
431 1513 564 1578 tradunt
590 1516 623 1576 et
650 1512 780 1596 docent,
806 1533 913 1576 nonne
936 1512 977 1576 ab
1000 1513 1066 1576 illis
1090 1513 1136 1576 in-

91 1628 117 1668 rs
132 1603 246 1666 stituta
269 1607 345 1666 sunt
368 1601 515 1681 [inventa
539 1600 650 1680 sunt]?
695 1599 743 1664 De
769 1600 885 1684 quibus
909 1599 972 1664 etsi
995 1621 1014 1664 a
1037 1599 1138 1683 Chry-

130 1690 225 1772 sippo
249 1690 387 1752 maxime
410 1692 461 1752 ert
479 1688 695 1772 elaboratum,
716 1692 828 1752 tamen
846 1709 866 1751 a
883 1687 1011 1751 Zenone
1029 1689 1137 1751 minus

130 1777 235 1841 multo
259 1798 355 1860 quam
379 1777 420 1840 ab
445 1776 601 1859 antiquis3
625 1775 665 1839 ab
689 1776 750 1840 hoc
769 1779 877 1839 autem
896 1775 1053 1858 quaedam
1072 1797 1137 1840 non

130 1865 246 1928 melius
270 1885 366 1947 quam
388 1867 524 1946 veteres,
548 1863 704 1948 quaedam
728 1863 859 1928 omnino
882 1863 1003 1927 relicta.
1042 1861 1136 1928 Oum·
1157 1875 1190 1924 io

131 1973 192 2034 que
221 1951 301 2016 duae
329 1952 395 2015 sint
423 1955 519 2028 artes,
548 1951 663 2034 quibus
692 1951 832 2034 perfecte
859 1950 943 2014 ratio
971 1954 1004 2014 et
1031 1951 1136 2014 cretio

89 2066 117 2104 no
132 2039 344 2122 compleatur,
375 2059 441 2102 una
471 2039 669 2120 inveniendi,
702 2039 803 2102 altera
834 2037 1024 2121 disserendi,
1055 2037 1138 2102 hanc

130 2127 345 2210 posteriorem
373 2129 405 2190 et
427 2123 527 2190 Stoici
555 2128 589 2190 et
609 2125 831 2209 Peripatetici,
858 2126 1000 2210 priorem
1030 2129 1138 2190 autem

130 2215 180 2278 illi
203 2215 333 2297 egregie
357 2213 572 2298 tradiderunt,
594 2213 628 2277 hi
652 2213 783 2278 omnino
803 2233 845 2276 nc
868 2214 1049 2298 attigerunt
1070 2214 1138 2295 qui·

132 2301 213 2366 dem.
258 2299 344 2365 Nem
367 2322 385 2364 e
408 2301 523 2384 quibus
546 2301 625 2364 locis
649 2301 741 2384 quasi
762 2301 924 2365 thesauris
948 2303 1139 2385 argumenta

132 2389 408 2471 depromerentur,
430 2389 532 2452 vestri
548 2409 590 2452 ne
609 2388 763 2470 suspicati
786 2388 914 2471 quidem
933 2391 1021 2462 sunt,
1046 2408 1137 2470 snpe-

91 2501 118 2541 25
131 2476 232 2540 riores
251 2479 359 2540 autem
378 2475 515 2540 artificio
534 2478 568 2539 et
585 2475 640 2540 ria
657 2475 866 2539 tradiderunt.
902 2473 990 2550 Quae
1009 2474 1137 2558 quidem

132 2585 185 2628 ars
205 2563 312 2646 efficit,
330 2585 372 2627 ne
389 2583 518 2628 necesse
538 2564 582 2627 sit
602 2563 705 2628 isdem
730 2562 769 2626 de
787 2563 883 2627 rebus
901 2583 1028 2644 semper
1046 2563 1137 2646 quasi

131 2651 254 2717 dictata
281 2651 452 2715 decantare
478 2671 580 2734 neque
609 2671 629 2714 a
652 2648 923 2715 commentariolis
949 2650 1016 2714 suis
1039 2650 1137 2713 disce·

131 2739 214 2803 dere.
259 2735 345 2802 Nam*
369 2739 423 2820 qui
447 2739 538 2820 sciet,
567 2738 624 2802 ubi
647 2737 786 2821 quidque
808 2737 952 2821 positum
976 2737 1033 2820 sit,
1061 2759 1137 2820 qus·

133 2847 193 2908 que
213 2846 250 2891 eo
272 2827 394 2908 reniet,
420 2825 462 2908 is,
490 2825 618 2889 etiamsi
646 2825 721 2908 quid
746 2825 898 2890 obrutum
921 2825 995 2907 crit,
1010 2825 1139 2908 poterit

91 2935 242 2978 meruere
266 2933 452 2996 semperque
476 2933 546 2976 esse
568 2913 603 2976 in
630 2912 823 2995 disputando
848 2933 932 2976 suus.
982 2911 1138 2988 Quodetsi

58 3004 61 3010 ’
131 3001 271 3084 ingeniis
296 3001 421 3084 magnis
448 2999 585 3083 praediti
613 2999 743 3082 quidam
772 2999 896 3064 dicendi
920 2999 1046 3081 copiam
1070 2999 1138 3062 sine

131 3089 258 3152 ratione
277 3091 527 3170 consequuntur,
551 3107 604 3151 ars
626 3091 736 3151 tumen
754 3090 804 3151 est
822 3087 884 3151 dux
903 3087 1020 3151 certior
1042 3107 1137 3169 quam

131 3179 257 3240 natura.
292 3175 392 3240 Aliud
412 3178 461 3240 est
480 3175 565 3238 enim
588 3177 756 3256 poetarum
775 3197 862 3238 more
881 3173 980 3237 verba
997 3173 1138 3256 fundere,

132 3263 220 3328 eliud
243 3283 293 3345 ea,
317 3258 399 3348 quae
423 3263 525 3344 dicas,
548 3261 673 3326 ratione
697 3265 731 3326 et
753 3265 821 3328 erte
845 3262 1050 3345 distinguere.

91 3461 118 3502 as
198 3435 324 3503 Similia
351 3437 413 3502 dici
441 3439 579 3520 possunt
605 3436 644 3500 de
667 3436 879 3519 explicatione
901 3440 1050 3519 naturae,
1074 3411 1188 3535 qua51

130 3531 160 3590 et
189 3524 225 3589 hi
257 3529 392 3590 utuntur
422 3529 456 3589 et
487 3525 599 3606 vestri,
631 3545 734 3607 neque
761 3543 837 3588 vero
865 3523 907 3588 ob
935 3523 1014 3588 duas
1042 3488 1170 3588 modo1
