2586 3950
16 3547 19 3636 l

18 3639 21 3728 l

347 219 414 276 LlB.
434 221 481 275 III.
509 220 586 276 CAP.
608 227 728 277 13-15.
757 228 772 288 5
790 228 912 278 44-50.
1069 227 1132 290 189

115 381 221 446 iidem
257 381 320 446 hoc
357 403 427 456 esse
460 382 590 465 dicturi,
626 383 746 448 honam
778 387 916 450 mortem
948 389 981 450 et
1011 387 1132 452 bonum

116 474 254 552 partum
283 469 450 533 meliorem
478 471 611 555 longum
640 492 710 535 esse
741 493 838 556 quarn
867 474 1006 539 brevem.
1057 475 1133 540 Non

116 557 234 621 vident
247 557 313 621 alia
331 557 489 622 brevitate
507 559 610 641 pluris
629 560 805 643 aestimari,
824 561 890 626 alia
910 562 1131 627 diuturnitate.

116 644 235 730 Itaque
254 649 507 710 consentaneum
530 649 580 710 est
602 645 669 727 his,
691 669 772 731 quae
791 648 878 713 diota
897 653 984 732 sunt,
1007 652 1185 716 rationale

89 733 269 810 sillorum,
297 733 353 818 qui
380 734 473 798 illum
500 734 659 799 bonorum
686 736 797 814 finem,
824 736 908 820 quod
932 738 1145 820 appellamus-

119 824 318 904 extremuni,
346 821 432 906 quod
459 823 625 905 ultimum,
653 844 795 888 crescere
822 828 938 907 putent
964 847 1060 907 posse
1090 861 1132 873 -

118 909 225 973 isdem
256 909 385 992 placere
422 931 491 974 esse
524 911 623 974 alium
657 911 722 975 alio
755 911 853 976 etiam
892 913 1133 996 sapientiorem,

119 997 264 1080 itemque
287 997 388 1061 alium
410 998 513 1082 magis
533 998 598 1062 alio
617 999 667 1061 vel
690 1019 823 1082 peceare
841 999 892 1063 vel
910 1004 997 1064 recte
1018 1001 1133 1084 facere,

120 1085 208 1168 quod
240 1085 335 1161 nohis
366 1106 433 1150 non
464 1087 541 1151 lieet
567 1085 685 1168 dicere,
716 1087 772 1170 qui
800 1108 942 1152 crescere
973 1088 1133 1154 bonorum

78 1200 105 1240 ιο
120 1175 219 1247 finem
245 1195 312 1238 non
334 1177 499 1256 putamus.
548 1172 596 1239 Ut
622 1175 721 1258 enim,
750 1175 804 1258 qui
833 1174 970 1240 demersi
994 1182 1070 1242 sunt
1098 1179 1133 1242 in

121 1283 220 1346 aqua,
247 1260 350 1326 nihilo
378 1263 484 1347 inagis
512 1262 671 1345 respirare
698 1267 851 1347 possunt,
883 1265 912 1328 si
942 1287 1009 1331 non
1036 1265 1133 1351 longe

122 1349 244 1412 absunt
271 1371 291 1412 a
318 1370 458 1432 summo,
486 1351 614 1414 utiam
642 1351 770 1436 iamque
800 1353 928 1435 possint
960 1375 1133 1438 emergere,

121 1459 221 1521 quam
248 1437 277 1500 si
304 1437 403 1501 etiam
430 1441 501 1502 tum
529 1442 637 1502 essent
663 1439 699 1502 in
722 1439 896 1524 profundo,
924 1463 984 1505 nec
1008 1441 1132 1506 catulus

121 1525 271 1608 illa-qui
290 1524 356 1588 iam
375 1526 616 1610 appropinquat
632 1531 670 1590 ut
687 1527 805 1610 videat,
823 1529 895 1611 plus
915 1529 1018 1592 cernit
1036 1547 1132 1612 quam

81 1639 108 1679 15
123 1613 165 1692 ie,
189 1613 244 1696 qui
263 1612 359 1678 modo
379 1617 429 1676 est
445 1618 553 1698 natus,
575 1615 662 1695 item,
685 1615 739 1698 qui
756 1617 913 1697 processit
931 1616 1132 1700 aliquantum

124 1700 165 1765 ad
184 1700 315 1764 virtutis
333 1699 497 1785 habiturn,
519 1701 623 1766 nihilo
642 1703 748 1766 minus
767 1703 801 1766 in
819 1703 949 1767 miseria
968 1707 1019 1768 est
1037 1725 1133 1787 quam

123 1789 192 1870 ille,
215 1789 270 1872 qui
292 1787 375 1852 nihil
398 1791 565 1872 processit.

190 1875 280 1940 Haec
302 1876 465 1944 mirabilia
487 1879 590 1942 videri
612 1878 782 1962 intellego,
805 1878 861 1943 sed
880 1900 953 1942 cum
972 1885 1057 1945 certe
1081 1901 1132 1944 su·
1145 1890 1186 1953 15

122 1965 252 2049 periore
273 1965 368 2028 firma
390 1985 427 2029 ac
450 1987 526 2030 vera
549 1967 627 2048 sint,
650 1965 701 2029 his
725 1970 833 2030 autem
857 1988 895 2030 ea
918 1970 1134 2032 consentanea

82 2057 157 2118 acet
189 2053 432 2136 consequentia,
463 2075 505 2116 ne
536 2053 576 2117 de
606 2057 723 2119 horum
755 2053 884 2138 quidem
917 2059 967 2118 est
996 2056 1153 2120 veritate·

123 2140 345 2205 dubitandum.
385 2137 447 2205 Sed
470 2163 665 2226 quamquam
687 2146 811 2226 negant
834 2163 893 2206 nec
916 2143 1052 2208 virtutes
1074 2165 1133 2210 nec

123 2229 205 2293 vitia
233 2249 387 2311 creseere,
413 2231 523 2292 tamen
545 2234 716 2312 utrumque
739 2251 851 2294 eorum
880 2230 971 2295 fundi
994 2232 1133 2314 quodam

124 2317 220 2390 modo
249 2319 282 2380 et
308 2316 401 2399 quasi
429 2317 558 2382 dilatari
585 2321 710 2401 putant.
754 2316 897 2382 Divitias
925 2322 1033 2383 autem
1056 2319 1133 2384 Dio·
1152 2343 1185 2390 49

125 2425 223 2488 genes
255 2408 365 2469 censet
395 2425 461 2469 non
488 2427 560 2469 eam
587 2405 683 2469 modo
712 2405 779 2469 vim
810 2405 943 2488 hahere,
975 2410 1012 2470 ut
1041 2409 1134 2490 quasi

85 2517 112 2558 aa
125 2494 221 2558 duces
248 2493 314 2556 sint
341 2491 382 2556 ad
410 2493 611 2576 voluptatem
639 2496 672 2556 et
699 2492 738 2556 ad
766 2493 983 2556 valetudinem
1006 2494 1133 2578 honam,

127 2581 182 2646 sed
205 2580 303 2644 etiam
325 2581 374 2644 nti
396 2602 435 2644 ea
457 2581 661 2663 contineant,
685 2601 750 2644 non
778 2581 863 2644 idem
891 2579 997 2645 facere
1020 2603 1074 2646 eas
1100 2583 1134 2646 in

126 2669 245 2732 virtute
276 2689 379 2752 neque
410 2670 445 2732 in
477 2669 592 2734 ceteris
625 2669 763 2752 artibus,
795 2669 836 2732 ad
864 2690 943 2752 quas
972 2690 1040 2734 esse
1070 2670 1133 2734 dux

126 2757 262 2839 pecunia
288 2757 410 2840 potest,
443 2758 607 2822 continere
635 2761 743 2821 autem
774 2777 839 2821 non
871 2759 994 2842 potest,
1025 2759 1133 2842 itaque

127 2843 154 2909 si
176 2845 327 2928 voluptas
347 2847 403 2908 aut
427 2844 455 2908 si
477 2844 563 2910 bona
584 2845 735 2910 valchido
755 2845 851 2909 sitin
869 2844 977 2928 bonis,
1001 2846 1132 2910 divitias

89 2953 251 3017 aequoque
268 2933 303 2996 in
322 2932 417 2996 bonis
436 2953 506 2997 esse
524 2933 700 3017 ponendas,
720 2935 761 3016 at,
786 2932 814 2996 si
834 2933 994 3016 sapientia
1012 2934 1133 2998 bonum

127 3023 182 3103 sit,
204 3041 270 3084 non
293 3021 399 3103 sequi,
422 3025 459 3084 nt
477 3021 574 3085 etiam
598 3021 728 3085 divitiae
747 3021 869 3085 honum
888 3043 958 3086 asse
982 3022 1132 3086 dicamus

126 3109 237 3192 Neque
265 3109 307 3172 ab
334 3108 402 3172 ulla
429 3129 475 3191 re,
503 3129 585 3192 quae
611 3131 677 3174 non
705 3109 748 3174 sit
775 3110 810 3174 in
837 3109 946 3191 bonis,
974 3108 1019 3191 id,
1048 3109 1132 3192 quod

127 3197 169 3264 sit
199 3196 233 3261 in
265 3196 374 3275 bonis,
405 3197 564 3261 contineri
595 3200 716 3280 potest,
749 3196 791 3260 ob
824 3218 957 3280 eamque
995 3219 1133 3280 causam,

127 3285 201 3368 quia
233 3284 434 3370 cognitiones
467 3285 788 3368 comprensionesque
818 3305 988 3366 rerum,3e
1015 3285 1132 3368 quibus

90 3397 114 3438 cs
128 3373 309 3436 efficiuntur
336 3376 435 3454 artes,
463 3373 696 3456 appetitionem
724 3375 869 3455 movent,
900 3393 973 3436 cunr
1001 3372 1131 3437 divitiae

126 3483 189 3525 non
212 3461 277 3524 sint
299 3461 334 3524 in
357 3460 464 3538 bonis,
493 3462 583 3526 nulla
607 3483 658 3526 ars
687 3460 811 3524 divitiis
835 3459 993 3524 contineri
1014 3463 1132 3544 potest.

128 3548 218 3624 Quod
247 3548 275 3611 si
302 3548 341 3611 de
369 3548 492 3612 artibus
520 3549 744 3632 concedamus,
771 3547 901 3612 virtutis
929 3551 1039 3612 tamen
1065 3571 1129 3614 non
1151 3569 1184 3617 so
