2544 3952
336 209 405 264 ma.
423 209 462 264 lv
499 208 575 264 onP.
597 215 716 265 rr-ro.
746 215 901 276 §ro-46.
1058 207 1124 276 407

27 395 29 456 j
110 370 195 435 toris
228 370 310 435 iram
343 369 482 437 oratoris
513 371 665 436 incendat
696 371 790 438 actio.
844 371 961 436 Virum
988 372 1124 458 denique

26 459 28 550 ‚²
111 458 217 523 videri
238 463 373 543 negant,
397 459 452 542 qui
475 458 572 524 irasci
594 459 732 544 nesciat,
755 481 902 544 eamque,
925 482 1023 544 quam
1046 461 1125 524 leni-

25 586 26 634 5
111 551 217 612 tatem
239 567 298 610 nos
322 546 472 628 dicimus,
494 546 614 613 vitioso
637 547 839 612 lentitudinis
860 549 992 613 nomine
1015 549 1124 632 appel·

112 635 195 699 lant.
249 633 317 700 Nec
346 655 422 699 vero
450 635 555 699 solum
582 634 666 702 hanc
697 636 864 700 libidinem
896 636 1029 701 laudant
1061 634 1125 719 (est
1142 647 1177 695 44

23 785 25 806 ,
85 723 203 787 sanim
234 723 297 807 ira,
328 725 365 786 ut
396 721 492 787 modo
525 722 667 803 definivi,
699 723 873 788 ulciscendi
905 722 1032 808 libido),
1069 725 1124 788 sed

23 813 26 862 l
112 813 222 894 ipsum
240 810 321 874 illud
340 830 441 894 genus
460 811 512 874 vel
535 811 677 875 libidinis
697 812 750 880 vel
769 812 955 896 cupiditatis
980 812 1022 876 ad
1040 834 1124 876 sum-

112 920 202 963 mam
234 899 410 963 utilitatem
440 919 510 962 esse
540 897 651 963 dicunt
683 919 702 964 a
730 903 848 964 natura
879 899 1004 983 datum,
1040 899 1124 964 nihil

21 987 22 990 ’
113 986 203 1050 enim
231 1007 451 1070 quemquam,
464 986 528 1050 nisi
558 985 643 1071 quod
670 987 794 1070 lubeat,
825 987 991 1071 praeclare
1018 985 1124 1052 faeere

20 1127 22 1154 ,
112 1096 220 1158 posse.
277 1073 309 1139 N
312 1077 386 1138 octn
424 1074 612 1139 ambulabat
647 1074 681 1140 in
717 1075 846 1158 publico
883 1074 1124 1159 Themistoclea,

18 1155 24 1298 l
72 1186 98 1226 ro
112 1183 188 1229 oum
217 1184 365 1228 somnum
388 1183 501 1245 capere
523 1184 590 1227 non
612 1167 735 1247 posset,
764 1164 1054 1247 quaerentibusque
1076 1185 1124 1228 re-

20 1301 21 1308 ,
113 1251 297 1334 spondebat
327 1249 490 1338 Miltiadis,
524 1251 665 1334 tropaeis
698 1273 732 1316 se
765 1273 782 1316 o
815 1273 928 1316 somno
966 1252 1124 1316 suscitari.

18 1310 23 1394 l
113 1336 176 1404 Oui
194 1360 260 1404 non
278 1340 354 1403 sunt
372 1338 500 1403 auditae
519 1337 748 1403 Demosthenis
768 1338 923 1423 vigiliae?
942 1340 997 1424 qui
1016 1340 1124 1405 dolere
1200 1354 1205 1364 ·

113 1448 148 1491 so
172 1426 294 1509 aiebat,
316 1427 345 1490 si
368 1426 495 1510 quando
520 1426 669 1510 opificum
695 1427 887 1492 antelucana
909 1427 1014 1492 victus
1038 1431 1124 1493 esset

112 1512 281 1580 industria.
317 1513 548 1597 Philosophiae
567 1513 704 1598 denique
722 1515 824 1599 ipsius
847 1515 1009 1598 principes
1032 1537 1124 1580 num·

72 1626 98 1667 rs
113 1623 211 1686 quam
234 1602 269 1666 in
292 1603 358 1666 suis
383 1602 497 1666 studiis
526 1603 635 1667 tantos
663 1623 854 1687 progressus
879 1602 947 1667 siue
970 1602 1124 1686 flagranti

13 1695 15 1750 J
44 1765 47 1770 ,
113 1690 291 1775 cupiditate
313 1689 419 1754 facere
441 1689 634 1774 potuissent.
677 1688 819 1754 Ultimas
841 1694 945 1755 terras
968 1690 1124 1754 lustrasse

111 1777 339 1863 Pythagoran,
368 1776 604 1858 Democritum,
630 1776 801 1842 Platonem
824 1778 1016 1861 accepimus.
1059 1777 1125 1843 Ubi

12 1840 13 1898 l
114 1867 201 1931 enim
224 1865 375 1950 quioquid
394 1870 494 1950 esset,
517 1865 602 1949 quod
625 1865 705 1930 disci
728 1869 853 1949 posset,
876 1887 912 1932 eo
931 1865 1124 1930 veniendum

113 1950 345 2018 iudicaverunt.
399 1951 486 2018 Num
513 1957 666 2036 putamus
694 1952 774 2018 haec
801 1953 871 2017 fieri
899 1953 967 2018 sine
998 1975 1123 2018 summo

73 2065 100 2104 ao
113 2041 302 2124 cupiditatis
326 2041 440 2106 ardore
463 2040 633 2125 potuisse?

179 2128 290 2212 Ipsam
313 2129 561 2213 aegritudinem,
589 2150 685 2212 quam
708 2149 766 2194 nos
789 2132 828 2192 ut
855 2131 997 2192 taetram
1021 2131 1053 2192 et
1075 2128 1123 2193 in·
1133 2098 1177 2224 {l}

114 2238 242 2282 manem
269 2217 398 2280 beluam
425 2216 612 2301 fugiendam
640 2216 792 2299 diximus,
819 2237 886 2281 non
912 2216 980 2281 sine
1004 2237 1124 2301 magna

113 2305 256 2369 utilitate
271 2307 420 2369 anatura
437 2305 549 2369 dicunt
566 2304 788 2386 constitutam,
805 2307 843 2368 ut
860 2303 1008 2369 homines
1027 2305 1124 2369 casti·

114 2392 313 2477 gationibus,
341 2391 660 2476 reprehensionibus,
687 2391 875 2475 ignominiis
904 2390 998 2456 adfici
1026 2413 1059 2454 se
1088 2392 1124 2456 in

74 2505 100 2546 aa
115 2479 233 2545 delicto
257 2480 411 2563 dolerent.
447 2480 617 2564 Inpunitas
642 2479 728 2543 enim
750 2483 956 2563 peccatorum
980 2479 1057 2542 data
1079 2479 1124 2543 vi-

115 2569 208 2632 detur
238 2567 297 2652 eis,
327 2568 382 2652 qui
411 2567 625 2652 ignominiam
655 2569 688 2631 et
716 2566 886 2630 infamiam
914 2564 1023 2630 ferunt
1055 2567 1123 2631 sine

115 2656 238 2740 dolore3
264 2656 406 2720 morderi
433 2661 483 2720 est
510 2655 626 2720 melius
653 2654 859 2719 conscientia.
907 2653 958 2718 Ex
986 2676 1049 2737 quo
1074 2660 1123 2719 est

113 2742 239 2830 illude
267 2744 334 2808 vita
361 2743 491 2808 ductum
516 2743 556 2808 ab
579 2741 727 2809 Afranio.
772 2740 859 2808 Nam
884 2762 958 2807 cum
985 2743 1123 2808 dissolu·
1251 2821 1252 2824 Ἴ

114 2836 167 2897 tus
190 2831 291 2896 filius:

74 2978 100 3019 ao
122 3003 124 3006 -
179 2951 262 3019 Heu
285 2975 342 3018 me
365 2953 558 3019 miserum!

112 3099 184 3159 tum
207 3115 336 3159 severus
359 3098 466 3179 pater:
845 3173 853 3187 ,

178 3215 275 3282 Dum
293 3217 403 3283 modo
422 3216 554 3282 doleat
572 3217 734 3303 aliquid,
758 3217 889 3283 doleat
911 3213 1122 3302 quidlubet.

111 3358 266 3442 Reliquas
285 3378 410 3442 quoque
432 3359 535 3442 partis
562 3357 773 3444 aegritudinis
796 3357 886 3422 utilis
907 3379 977 3422 esse
1001 3357 1122 3441 dicunt,
1140 3369 1174 3418 46
1245 3409 1246 3412 ,

43 3470 45 3474 ’
112 3445 365 3511 misericordiam
385 3445 425 3509 ad
445 3467 540 3529 opem
556 3445 721 3512 ferendam
740 3450 773 3510 et
790 3445 958 3512 hominum
975 3445 1122 3530 indigno·
1244 3493 1245 3502 ,

73 3559 99 3602 ss
112 3556 184 3599 rum
218 3533 419 3600 calamitates
453 3534 679 3620 sublevandam
712 3535 818 3618 ipsum
845 3533 925 3598 illud
958 3534 1122 3638 aemulari,
