2586 3950
161 253 224 318 128
324 254 371 308 DE
390 253 535 308 FINIBUS
553 252 734 309 BONORUM
752 252 799 306 ΕΤ
817 252 1001 308 MALORUM
1061 299 1063 306 ,

158 415 242 481 hanc
262 415 400 480 dulcem:
424 415 473 481 ‘in
492 405 624 493 motu',
647 415 739 479 illam
756 415 839 479 nihil
857 414 995 480 dolentis
1020 412 1071 477 ‘in
1091 417 1167 478 sta-

160 503 359 590 bilitate'),
386 504 463 588 quid
489 503 616 568 tendit?
644 525 716 567 cum
744 503 870 567 efficere
897 524 963 568 non
990 503 1107 586 possit,
1131 505 1170 566 ut

160 593 321 676 cuiquam,
349 593 404 676 qui
430 593 499 675 ipse
528 592 591 656 sibi
619 595 716 656 notus
744 591 803 673 sit,
830 591 891 656 hoc
919 594 969 654 cst
998 590 1053 674 qui
1077 611 1170 654 suam

159 684 310 745 naturam
338 701 530 764 sensumque
563 679 773 763 perspexerit,
804 679 950 744 vacuitas
983 678 1104 743 doloris
1137 681 1171 742 et

160 767 312 852 voluptas
349 768 433 832 idem
465 789 535 832 esse
566 767 722 831 videatur.
772 766 844 832 Hoc
876 770 926 831 est
952 766 1018 832 vim
1047 767 1198 850 afferrat
1280 819 1281 848 ,

159 856 337 940 Torquate,
361 855 521 939 sensibus,
553 859 740 939 extorquere
763 876 802 918 ex
825 855 941 919 animis
965 854 1170 938 cognitiones
1280 857 1281 868 ¹

160 945 346 1025 verborum,
369 944 483 1027 quibus
506 943 625 1007 imbuti
648 965 766 1007 sumus.
817 942 894 1018 Quis
917 943 1005 1007 enim
1029 946 1092 1026 est,
1114 942 1170 1026 qui

160 1054 226 1097 non
252 1032 361 1096 videat
388 1031 468 1095 haec
496 1052 565 1095 esse
593 1030 627 1094 in
658 1035 776 1095 natura
802 1051 909 1094 rerum
942 1031 1029 1094 tria?
1061 1053 1171 1112 unum,

161 1142 235 1184 cum
266 1121 301 1184 in
331 1119 497 1202 voluptate
529 1139 655 1202 eumue,
688 1120 838 1202 alterum,
875 1141 947 1183 cum
983 1119 1018 1183 in
1050 1119 1171 1201 dolore,

160 1208 293 1272 tertium
320 1207 396 1290 hoc,
422 1207 457 1270 in
483 1229 547 1290 quo
574 1229 658 1272 nunc
686 1207 834 1291 equidem
862 1206 1214 1290 sum,credoitem10

160 1317 231 1378 voa,
260 1317 320 1360 nec
345 1296 381 1359 in
408 1295 519 1360 dolore
541 1316 600 1360 nec
623 1295 658 1359 in
680 1297 859 1379 voluptate3
881 1299 920 1358 ut
945 1295 980 1358 in
1004 1296 1171 1378 voluptate

162 1384 218 1467 sit,
238 1384 293 1466 qui
312 1384 473 1468 epuletur,
491 1384 525 1448 in
544 1384 668 1466 dolore,
686 1384 741 1468 qui
758 1386 957 1467 torqueatur.
993 1382 1043 1446 Tu
1062 1386 1171 1446 autem

161 1472 247 1535 inter
268 1472 349 1536 haec
370 1476 497 1537 tantam
515 1472 754 1537 multitudinem
776 1471 947 1537 hominum
968 1471 1171 1535 interiectam

111 1575 142 1623 17
161 1581 227 1626 non
249 1561 338 1625 vides
361 1582 420 1626 neo
442 1561 634 1625 laetantium
657 1581 716 1626 nec
739 1559 940 1625 dolentium?
984 1557 1059 1624 Non
1081 1580 1171 1643 pror-

161 1671 232 1732 sus,
254 1649 373 1733 inquit,
399 1649 583 1733 omnisque,
606 1649 661 1732 qui
684 1649 751 1712 sine
774 1648 884 1713 dolore
904 1648 983 1732 sint,
1005 1648 1039 1711 in
1057 1647 1214 1730 volup-15

160 1740 242 1821 tate,
275 1743 308 1801 et
340 1759 377 1802 ea
408 1737 537 1821 quidem
568 1759 706 1816 summa,
738 1758 808 1800 esse
836 1737 917 1802 dico.
945 1773 987 1784 -
1017 1735 1105 1820 Ergo
1135 1737 1172 1800 in

162 1825 274 1889 eadem
296 1826 464 1908 voluptate
487 1847 574 1909 eum,
595 1825 651 1908 qui
674 1825 769 1888 alteri
787 1825 923 1889 misceat
940 1824 1080 1888 mulsum
1100 1824 1171 1907 ipse

161 1933 226 1976 non
250 1913 375 1995 sitiens,
400 1916 433 1976 ct
456 1934 542 1997 eum,
565 1913 620 1996 qui
642 1912 723 1976 illud
747 1912 860 1976 sitiens
883 1911 998 1977 bibat?

123 2007 143 2071 6
228 2000 309 2065 Turn
332 2001 401 2065 ille:
433 1999 560 2083 Finem,
583 2000 701 2084 inquit,
724 2001 968 2085 interrogandi,
983 2001 1011 2064 si
1034 1998 1170 2083 videtur,

163 2089 248 2172 quod
274 2088 403 2172 quidem
430 2109 489 2172 ego
518 2111 537 2152 a
563 2088 723 2172 principio
750 2089 799 2153 ita
825 2111 876 2153 me
903 2089 999 2153 malle
1027 2088 1170 2152 dixeram
1184 2117 1213 2156 ro

161 2175 224 2241 hoo
246 2175 354 2259 ipsum
377 2177 563 2259 providem,
585 2175 769 2242 dialecticas
788 2178 962 2261 captiones.
997 2175 1170 2240 Rhetorice

162 2265 276 2348 igitur,
298 2264 444 2348 inquam,
466 2286 525 2329 nos
549 2265 651 2329 mavis
674 2287 771 2349 quarn
794 2265 961 2331 dialectice
984 2263 1170 2348 disputare?

163 2351 262 2428 Quasi
288 2374 378 2436 vero,
405 2352 524 2436 inquit,
550 2356 707 2436 perpetua
734 2355 839 2419 oratio
867 2354 1031 2419 rhetorum
1055 2353 1171 2436 solum,

161 2462 227 2505 non
250 2441 349 2505 etiam
376 2440 644 2525 philosophorum
673 2442 724 2506 sit.
774 2441 912 2507 Zenonis
940 2444 1002 2525 est,
1029 2441 1171 2526 inquam,

160 2528 223 2594 hoo
246 2527 356 2594 Stoici.
406 2527 543 2593 Omnem
572 2529 637 2593 vim
663 2530 828 2614 loquendi,
853 2531 978 2594 utiam
1001 2533 1075 2595 ante
1098 2528 1169 2593 Ari·
1184 2557 1210 2596 25
1276 2539 1278 2542 ’

162 2617 308 2701 stoteles,
340 2618 376 2681 in
408 2618 488 2681 duas
519 2616 678 2682 tributam
710 2640 780 2682 esse
816 2622 940 2702 partes,
975 2617 1171 2683 rhetoricam

58 2703 60 2707 ’
161 2705 304 2788 palmae,
328 2705 530 2770 dialecticam
553 2706 655 2790 pugni
673 2707 812 2770 similem
832 2727 901 2771 esse
924 2706 1061 2789 dicebat,
1085 2706 1171 2789 quod
1277 2701 1278 2708 ἵ

119 2870 121 2876 s
162 2792 260 2856 latius
281 2794 488 2877 loquerentur
513 2793 673 2877 rhetores,
697 2793 857 2858 dialectici
880 2797 987 2860 autem
1011 2814 1171 2876 compres-

162 2879 237 2945 sius.
291 2880 458 2966 Obsequar
490 2881 593 2964 igitur
624 2881 785 2947 voluntati
816 2886 892 2947 tuae
924 2882 1106 2964 dicamque,
1141 2881 1171 2946 si

161 2970 289 3051 potero,
319 2969 494 3053 rhetorice,
526 2970 583 3034 sed
609 2968 671 3034 hao
701 2969 862 3033 rhetorica
892 2968 1170 3053 philosophorum,
1184 2996 1211 3035 so

161 3076 227 3120 non
248 3060 362 3121 nostra
383 3057 441 3122 illa
462 3057 600 3140 forensi,
623 3078 720 3141 quam
738 3077 870 3121 necesse
888 3060 951 3139 est,
974 3077 1046 3120 oum
1069 3078 1170 3140 popu·

161 3144 274 3208 lariter
312 3146 491 3229 loquatur,
520 3165 603 3216 esse,
629 3145 790 3209 interdurn
826 3144 925 3229 paulo
961 3143 1170 3210 hebetiorem.

109 3252 143 3303 18
163 3231 226 3298 Sed
249 3233 324 3298 dum
351 3232 565 3316 dialecticam,
593 3231 771 3318 Torquate,
798 3232 977 3297 contemnit
1002 3231 1171 3317 Epicurus,

162 3343 244 3405 quae
276 3343 340 3386 una
371 3320 514 3386 continet
546 3343 673 3386 ornnem
706 3325 738 3385 et
768 3321 999 3408 perspiciendi,
1030 3321 1107 3406 quid
1136 3322 1170 3385 in

161 3431 287 3494 quaque
314 3433 350 3475 re
364 3409 434 3494 sit,
458 3409 626 3474 scientiam
650 3413 682 3474 et
707 3409 883 3494 iudicandi,
910 3409 1005 3494 quale
1030 3410 1170 3494 quidque
1182 3435 1208 3475 aa

161 3499 217 3578 sit,
240 3501 273 3562 et
295 3497 420 3564 ratione
444 3519 481 3563 ac
503 3497 558 3562 via
580 3498 779 3583 disputandi,
806 3498 873 3563 ruit
895 3499 929 3562 in
959 3497 1105 3580 dicendo,
1133 3500 1170 3561 ut

160 3582 243 3650 mihi
268 3586 398 3670 quidem
420 3587 558 3671 videtur,
581 3609 641 3654 nec
664 3609 713 3674 aa,
743 3608 825 3671 quae
856 3586 969 3652 dooere
996 3586 1077 3668 vult,
1103 3583 1170 3650 ulla
