2564 3952
378 213 498 271 LIB.11.
527 213 605 270 OAP.
626 222 711 270 1-3.
739 221 858 282 §1-7.
1057 220 1124 286 329*

110 376 390 460 vituperatoribus
419 377 643 462 respondimus
672 378 708 442 in
735 377 925 462 Hortensio,
955 401 1014 463 pro
1042 381 1123 447 Aoe-

113 465 221 529 demia
248 469 355 530 autem
383 487 464 550 quae
492 465 627 530 dicenda
654 471 775 550 essent,
803 467 882 531 satis
910 472 1058 539 accurate
1087 471 1123 534 in

49 618 61 630 ⁶
113 552 316 618 Academicis
345 557 499 637 quattuor
525 553 618 618 libris
646 555 806 637 explicata
829 549 1036 640 arbitramur,
1067 557 1123 622 sed

114 643 225 705 tamen
244 644 376 705 tantum
399 642 504 724 abest,
527 645 564 705 ut
587 642 685 707 scribi
704 646 817 708 eontra
834 665 893 708 nos
916 643 1064 728 nolimus,
1086 649 1124 709 ut

86 728 149 792 eid
172 729 269 794 etiam
287 725 426 794 maxime
448 733 605 812 optemus.
640 729 680 794 In
702 731 775 814 ipsa
794 731 879 796 enim
898 730 1033 797 Graecia
1053 733 1122 816 phi·

6 881 7 890 ,
114 816 265 900 loeophia
291 820 385 882 tanto
407 817 442 882 in
464 817 586 883 honore
608 840 784 902 numquam
811 818 938 902 fuisset,
963 820 1027 884 nisi
1050 821 1123 886 doc·

114 904 313 970 tissimorum
337 905 597 971 contentionibus
621 906 938 991 dissensionibusque
957 909 1123 994 viguisset.

183 992 286 1069 Quam
305 993 347 1057 ob
365 1013 434 1058 rem
452 992 566 1059 hortor
584 994 703 1077 omnis,
725 995 781 1078 qui
804 995 908 1061 facere
927 995 960 1060 id
977 1001 1122 1081 possunt,
1142 1013 1160 1058 e

6 1103 7 1172 q
113 1085 153 1145 ut
173 1081 269 1146 buius
291 1102 417 1165 quoque
441 1081 569 1166 generis
591 1082 719 1146 laudem
742 1083 807 1146 iam
832 1083 1002 1168 languenti
1024 1083 1122 1150 Gree-

72 1195 100 1234 ιο
115 1169 184 1234 ciae
208 1169 346 1253 eripiant
368 1173 402 1234 et
424 1170 623 1235 transferant
644 1169 679 1234 in
695 1169 780 1236 hanc
798 1171 924 1256 urbem,
947 1173 1031 1238 sicut
1050 1175 1122 1238 reli·

115 1278 196 1341 quas
227 1258 345 1340 omnis,
382 1279 464 1341 quae
493 1256 622 1342 quidem
652 1262 745 1323 erant
774 1260 984 1346 expetendae,
1016 1261 1123 1327 studio

6 1373 8 1376 ·
115 1347 211 1430 atque
225 1344 384 1410 industria
399 1367 457 1410 sua
471 1345 610 1411 maiores
624 1347 730 1412 nostri
743 1349 987 1414 transtulerunt.
1015 1350 1124 1434 Atque

6 1405 8 1556 l
115 1435 281 1499 oratorum
308 1433 437 1517 quidem
464 1435 536 1499 laus
563 1435 611 1500 ita
638 1435 734 1500 ducta
757 1435 798 1500 ab
826 1435 943 1501 humili
970 1439 1061 1503 venit
1083 1438 1123 1502 ad

6 1573 7 1576 ,
114 1542 289 1605 summum,
317 1525 354 1585 ut
381 1522 460 1605 iam,
487 1523 572 1606 quod
598 1527 717 1588 natura
743 1523 807 1587 fert
829 1524 862 1588 in
887 1525 1034 1589 omnibus
1056 1525 1124 1590 fere

72 1635 99 1674 15
113 1610 223 1693 rebus,
246 1614 393 1674 senescat
414 1611 568 1694 brevique
590 1615 735 1694 tempore
759 1610 799 1674 ad
822 1611 960 1676 nihilum
988 1617 1124 1677 ventura

6 1695 7 1760 Ϊ
113 1697 274 1780 videatur,
299 1696 509 1781 philosophia
530 1702 684 1763 nascatur
705 1697 830 1764 Latinis
854 1699 982 1784 quidem
1005 1700 1124 1765 litteris

6 1767 8 1866 l
113 1806 152 1851 ex
183 1785 235 1850 his
267 1785 484 1869 temporibus,
517 1808 650 1871 eamque
682 1807 742 1852 nos
779 1786 966 1852 adiuvemus
1001 1810 1124 1872 nosque

112 1874 203 1957 ipsos
233 1873 384 1957 redargui
411 1873 577 1959 refellique
609 1874 780 1959 patiamur.
836 1874 929 1950 Quod
960 1875 997 1939 ii.
1015 1875 1124 1941 ferunt

6 2017 8 2052 ,
113 1961 223 2027 animo
246 1961 372 2045 iniquo,
395 1963 449 2046 qui
472 1964 567 2027 certis
591 1962 783 2047 quibusdam
802 1962 1035 2047 destinatisque
1054 1986 1123 2029 sen-

72 2075 100 2114 ao
113 2049 227 2114 tentiis
247 2049 339 2134 quasi
362 2050 483 2114 addicti
506 2055 538 2114 et
561 2052 738 2115 consecrati
762 2055 837 2116 runt
865 2072 972 2136 eaque.
987 2053 1124 2118 necessi-

113 2138 390 2221 tateconstricti,
417 2141 467 2221 ut,
494 2139 592 2203 etiam
622 2161 704 2224 quae
727 2155 798 2204 ‘non
828 2139 967 2223 probare
990 2141 1125 2222 soleant,

6 2233 7 2270 ³
113 2247 152 2290 ea
184 2229 341 2309 cogantur
373 2228 573 2311 constantiae
606 2249 704 2292 causa
736 2227 920 2311 defendere3
958 2249 1032 2306 nos,
1069 2230 1124 2313 qui

6 2333 7 2382 ξ
65 2317 67 2322 ’
114 2313 278 2397 sequimur
299 2314 487 2397 probabilia·
506 2337 567 2379 nec
589 2315 674 2380 ultra
697 2317 855 2398 quemad
878 2315 925 2400 id,
948 2317 1033 2399 quod
1057 2317 1125 2381 veri

113 2401 220 2466 simile
249 2402 401 2484 occurrit,
428 2402 581 2486 progredi
608 2424 794 2486 possumus,
823 2407 855 2466 et
881 2403 1027 2468 refellere
1056 2404 1123 2468 sine

71 2515 99 2553 aa
113 2489 293 2573 pertinacia
316 2493 349 2554 et
371 2489 475 2554 refelli
498 2491 568 2554 sine
589 2489 756 2554 iracundia
778 2491 885 2574 parati
909 2512 1029 2555 sumus.

6 2577 9 2590 '
181 2576 305 2654 Quodsi
332 2577 413 2642 haec
436 2578 543 2643 studia
566 2577 715 2643 traducta
738 2581 832 2642 erunt
855 2577 1061 2662 adnostros,
1083 2594 1159 2642 neo

6 2671 10 2746 t
115 2665 321 2731 bibliothecis
339 2665 469 2749 quidem
483 2665 615 2730 Graecis
635 2665 810 2750 egebimus,
828 2666 863 2729 in
882 2665 998 2750 quibus
1017 2667 1124 2731 multi-

112 2753 192 2819 tudo
210 2752 340 2838 infinita
357 2753 515 2819 librorum
533 2755 794 2838 propter'eorum
813 2757 862 2818 est
876 2754 1125 2838 multitudinem,

113 2842 169 2926 qui
196 2842 402 2925 seripserunt.
452 2841 576 2906 Eadem
604 2842 689 2906 enim
717 2841 867 2906 dicuntur
894 2865 913 2906 a
936 2844 1061 2925 multis,
1086 2865 1125 2912 ex

71 2954 99 2994 eo
114 2951 179 3014 quo
211 2930 304 2995 libris
336 2929 445 2994 omnia
476 2930 681 2995 referserunt.
736 2929 828 3006 Quod
865 2930 989 2996 accidet
1024 2931 1124 2995 etiam
1192 3010 1194 3012 Ι

112 3017 249 3101 nostris,
277 3017 306 3082 si
334 3017 375 3080 ad
401 3017 482 3083 haec
509 3019 617 3083 studia
648 3018 758 3101 plures
785 3019 1007 3084 confluxerint.
1062 3017 1124 3082 Sed

113 3127 183 3188 eos,
215 3106 245 3170 si
275 3099 463 3189 po'ssumus,
496 3107 684 3190 excitemus,
716 3107 770 3189 qui
801 3106 979 3170 liberaliter
1007 3106 1124 3170 eruditi

6 3239 7 3280 ,
113 3193 261 3258 adhibita
279 3193 379 3258 etiam
401 3192 579 3259 disserendi
598 3195 761 3278 elegantia
779 3194 904 3258 ratione
923 3197 958 3258 et.
976 3194 1031 3257 via
1053 3193 1123 3276 phi·

112 3282 335 3366 losophantur.
371 3281 435 3346 Est
453 3283 539 3346 enim
560 3280 721 3367 quoddam
741 3287 842 3366 genus
863 3301 987 3364 eorum,
1010 3282 1066 3364 qui
1089 3253 1164 3376 se}

72 3396 98 3436 aa
112 3369 326 3454 philosophos
355 3370 512 3454 appellari
543 3371 671 3453 volunt,
702 3391 839 3453 quorum
873 3368 1022 3433 dicuntur
1054 3389 1124 3433 esse

111 3457 221 3522 Latini
245 3479 323 3522 sane
346 3458 439 3522 multi
462 3458 551 3540 libri3
580 3479 660 3541 quos
683 3479 750 3521 non
772 3460 943 3520 contemno
968 3455 1124 3540 equidem,

111 3547 231 3630 quippe
259 3567 340 3629 quos
367 3564 544 3629 numquam
571 3546 719 3630 legerim3
748 3543 803 3608 sed
827 3543 903 3626 quie
929 3543 1125 3627 profitentur
