2564 3952
328 241 396 296 LIB.
415 241 449 296 Π.
477 240 554 296 ΟΑΡ.
574 245 696 296 26-27.
729 246 744 307 ἓ
764 246 885 298 61-67.
902 251 904 254 ’
1047 241 1112 308 353

102 404 244 472 sivacet
266 403 386 488 populo
405 423 509 488 neque
532 403 681 486 plausum
701 407 836 488 captans
856 427 890 468 se
913 403 1023 469 tamen
1041 406 1113 489 ipsa

7 565 9 572 y
102 493 249 557 delectet
285 491 491 568 Quinetiam
509 492 602 555 mihi
615 491 743 575 quidem
766 492 982 557 laudabiliora
1003 493 1112 558 uiden-

7 653 8 656 ,
101 585 159 644 tur
176 580 297 663 omnia,
320 601 401 664 quae
421 580 491 644 sine
509 579 728 645 venditatione
747 584 781 645 et
799 581 868 645 sine
889 581 1010 664 populo
1028 585 1112 647 teste

102 669 198 751 fiunt,
224 688 290 733 non
312 689 375 752 quo
397 667 569 753 fugiendus
593 668 636 732 sit
658 665 782 753 (omnia
811 669 896 733 enim
919 669 1000 733 bene
1023 669 1112 734 facta

7 751 8 774 ¹
74 757 139 826 oin
161 756 231 821 luce
254 778 288 822 se
312 756 475 822 conlocari
497 754 638 842 uolunt),
666 757 721 820 sed
743 760 853 821 tamen
874 757 1000 822 nullum
1022 758 1112 822 thea-

7 899 10 906 .
102 848 192 909 trum
214 844 329 909 virtuti
352 843 548 909 conscientia
570 844 674 908 maius
698 848 755 911 est.
1123 895 1165 958 27

171 931 279 1017 Atque
297 933 330 997 in
349 933 463 1016 primis
483 932 674 997 meditemur
691 933 780 1011 illud,
799 935 837 998 ut
854 933 936 998 haee
953 934 1112 1018 patientia
1132 973 1166 1022 55

7 1033 9 1100 l
104 1021 266 1104 dolorum,
296 1043 393 1106 quam
419 1041 514 1104 saepe
536 1021 603 1084 iam
626 1020 727 1094 animi
749 1021 929 1086 intentione
954 1023 1020 1087 dixi
1043 1044 1112 1086 esse

7 1101 9 1188 ξ
102 1108 308 1193 firmandam,
335 1110 370 1174 in
397 1109 485 1173 omni
512 1129 628 1194 genere
656 1129 690 1172 se
718 1110 920 1194 aequabilem
951 1111 1113 1194 praebeat.

7 1191 9 1304 l
60 1223 89 1264 ro
104 1196 207 1281 Saepe
235 1199 320 1262 enim
347 1197 455 1280 multi,
482 1197 537 1280 qui
565 1199 622 1260 aut
647 1201 781 1281 propter
810 1198 963 1263 uictoriae
995 1199 1113 1283 cupidi·

102 1289 206 1351 tatem
229 1289 284 1350 aut
306 1289 437 1369 propter
461 1285 583 1370 gloriae
607 1286 799 1369 autetiam,
829 1290 866 1350 ut
888 1287 938 1352 ius
962 1309 1055 1351 suum
1081 1293 1114 1352 et

7 1457 8 1460 Ἴ
102 1375 289 1440 libertatem
320 1376 481 1456 tenerent,
516 1373 649 1438 volnera
686 1378 881 1458 exceperunt
915 1375 1045 1440 fortiter
1082 1379 1115 1440 et

7 1459 18 1544 f‘
102 1463 263 1546 tulerunt,
300 1461 399 1526 iidem
431 1461 552 1526 omissa
583 1463 789 1526 contentione
826 1462 971 1528 dolorem
1007 1464 1115 1528 morbi

7 1575 9 1630 ῃ
102 1550 189 1616 ferre
219 1570 286 1615 non
317 1553 468 1633 possunt3
499 1570 604 1635 neque
636 1551 723 1614 enim
754 1550 860 1633 illum,
892 1572 987 1634 quem
1020 1551 1114 1615 facile

7 1637 9 1704 ῗ
61 1639 261 1722 rettulerant,
293 1639 418 1704 ratione
451 1641 507 1703 aut
539 1638 700 1722 sapientia
731 1638 886 1720 tulerant,
919 1638 975 1702 sed
1008 1639 1113 1704 studio

7 1769 8 1774 κ
102 1728 215 1812 potius
238 1729 272 1790 et
292 1727 407 1812 gloria.
451 1726 566 1811 Itaque
592 1726 725 1790 barbari
752 1725 882 1808 quidam
906 1730 939 1790 et
967 1727 1113 1792 inmanes

103 1815 190 1881 ferro
218 1815 380 1879 decertare
408 1836 571 1880 acerrume
601 1817 750 1898 possunt,
783 1817 950 1899 aegrotare
977 1814 1115 1879 viriliter

8 1969 12 1976 ,
103 1924 171 1969 non
198 1906 328 1988 queunt.
380 1901 494 1968 Graeci
521 1905 630 1967 autem
656 1902 818 1980 homines,
847 1923 913 1966 non
943 1903 1023 1967 satis
1047 1903 1114 1968 ani-

104 1991 201 2076 mosi,
218 1991 401 2076 prudentes,
418 1994 456 2055 ut
474 1994 524 2056 est
542 1994 655 2074 captus
673 1991 856 2069 hominum,
877 1991 967 2074 satis,
985 1990 1113 2056 hostem

64 2102 91 2143 ao
105 2080 248 2163 aspicere
270 2100 338 2145 non
360 2083 512 2163 possunt,
537 2079 640 2144 eidem
664 2079 795 2144 morbos
817 2079 996 2144 toleranter
1018 2083 1114 2164 atque

103 2168 245 2232 humane
276 2168 393 2232 ferunt.
442 2166 489 2231 At
515 2164 638 2233 Cimbri
665 2171 698 2232 et
730 2163 886 2232 Celtiberi
917 2168 952 2232 in
981 2167 1114 2251 proeliis

104 2256 266 2338 exultant,
293 2256 512 2320 lamentantur
539 2255 574 2319 in
600 2257 723 2321 morbo.
771 2254 864 2321 Nihil
893 2257 977 2321 enim
1006 2259 1115 2340 potest

104 2365 176 2409 esse
200 2344 383 2428 aequabile,
406 2342 491 2430 quod
509 2365 575 2408 non
594 2366 614 2408 a
632 2347 720 2409 certa
737 2345 864 2409 ratione
881 2344 1115 2428 proficiscatur.

105 2429 169 2497 Sed
192 2454 264 2497 cum
287 2431 397 2497 videas
420 2453 488 2515 eos,
520 2431 575 2517 qui
599 2434 656 2495 aut
678 2431 783 2495 studio
808 2434 863 2495 aut
886 2431 1037 2514 opinione
1060 2433 1115 2495 du·
1134 2453 1168 2502 aa

64 2543 91 2584 as
106 2524 233 2603 cantur,
264 2520 300 2584 in
331 2541 369 2585 eo
400 2518 618 2603 persequendo
646 2522 742 2602 atque
770 2518 975 2602 adipiscendo
1003 2519 1114 2584 dolore

104 2629 171 2674 non
199 2607 320 2693 frangi,
347 2608 464 2673 debeas
495 2607 679 2672 existimare
706 2610 763 2672 aut
794 2628 860 2671 non
892 2625 962 2671 esse
991 2606 1113 2672 malum

106 2696 250 2761 dolorem
282 2695 351 2779 aut,
384 2696 526 2780 etiamsi,
557 2695 709 2779 quiequid
736 2717 885 2779 asperum
913 2695 1114 2781 alienumque

104 2789 222 2850 natura
240 2785 292 2868 sit,
310 2784 343 2849 id
362 2784 520 2869 appellari
538 2784 666 2867 placeat
678 2783 811 2866 malum,
829 2784 991 2849 tantulum
1004 2788 1115 2850 tamen

9 2925 10 2960 ,
106 2894 190 2956 esse,
212 2876 250 2938 ut
273 2895 293 2937 a
314 2873 434 2937 urtute
456 2873 504 2938 ita
526 2873 694 2956 obruatur,
717 2875 932 2955 utnusquam
951 2877 1115 2957 appareat.

9 2979 10 3028 l
66 2983 92 3023 ao
107 2959 196 3036 Quae
223 2960 393 3044 meditare,
419 2957 551 3044 quaeso,
577 2960 646 3026 dies
670 2965 703 3025 et
725 2964 847 3026 noctes.
892 2960 1005 3026 Latius
1028 2961 1114 3026 enim

105 3048 253 3115 manabit
274 3047 355 3114 hacc
373 3049 456 3113 ratio
476 3052 509 3114 et
527 3049 693 3134 aliquanto
717 3049 874 3114 maiorem
894 3050 1000 3114 locum
1018 3070 1115 3133 quam

106 3135 145 3202 de
172 3158 236 3202 uno
264 3135 375 3202 dolore
402 3136 580 3220 occupabit.
632 3132 719 3201 Nam
750 3137 778 3202 si
806 3138 915 3203 omnia
943 3135 1114 3222 fugiendae

10 3231 15 3310 l
105 3225 317 3308 turpitudinis
336 3225 621 3309 adipiscendaeque
638 3224 820 3290 honestatis
835 3247 933 3290 causa
949 3225 1115 3307 faciemus,

105 3333 172 3378 non
199 3313 294 3378 modo
323 3313 473 3379 stimulos
501 3313 636 3397 doloris,
667 3313 724 3378 sed
755 3313 854 3378 ctiam
884 3313 1021 3377 fulmina
1050 3312 1115 3378 for·

67 3423 93 3465 aa
106 3404 205 3466 tunae
231 3404 472 3467 contemnamus
500 3401 624 3485 licebit,
653 3402 845 3485 praesertim
869 3422 941 3466 cum
964 3404 1115 3485 paratum

107 3489 151 3555 sit
168 3489 249 3554 illud
268 3511 306 3554 ex
323 3490 475 3554 hesterna
493 3489 712 3573 disputatione
730 3489 922 3573 perfugium.
954 3488 1001 3554 Ut
1019 3489 1113 3572 enim,
1133 3511 1166 3559 67

108 3577 215 3643 sicui
241 3577 422 3662 naviganti,
449 3577 628 3661 praedones
654 3579 684 3644 si
710 3578 934 3661 insequantur,
958 3576 1035 3643 deus
1059 3579 1114 3666 qui

11 3713 12 3748 ,
161 3687 215 3730 οπο.
228 3689 269 3730 1v.
292 3691 312 3728 1.
866 3685 901 3734 ae
943 3685 948 3694 ·
