2564 3952
361 220 428 276 LIB.
446 220 467 276 Ι.
496 218 573 275 ΟΑΡ.
592 225 713 274 40-42.
746 223 760 284 5
780 224 918 275 cti-100.
1080 219 1144 284 317

130 384 162 449 sc'
189 381 305 452 similis
332 381 443 446 futura
470 384 520 445 est
553 381 753 465 perpetuitas
781 380 886 446 omnis
918 381 1144 467 consequentis

131 469 304 553 temporis,
328 470 399 554 quis
424 491 475 534 me
499 469 646 534 beatior?
697 467 754 534 Sin
777 490 854 533 vera
876 473 964 553 sunt,
994 492 1076 554 quac
1099 471 1144 535 di·
1163 491 1198 540 98

133 562 263 640 cuntur,
292 558 519 642 migrationem
548 579 619 622 esse
646 561 782 622 mortem
806 557 841 620 in
863 578 917 622 eas
941 580 1028 640 oras,
1056 580 1145 642 quas,

133 647 189 730 qui
209 669 226 711 e
243 646 312 710 vita
330 650 552 729 excesserunt,
573 645 733 728 incolunt,
755 645 791 710 id
808 645 912 710 multo
931 647 997 710 iam
1017 647 1145 711 beatius

8 751 13 774 ‘·
105 738 204 801 aest·
230 733 330 816 Tene,
353 755 425 799 curn
445 735 486 798 ab
507 734 565 816 iis,
587 734 641 816 qui
661 755 696 798 se
713 733 854 798 iudicum
875 754 1008 799 numero
1032 733 1145 800 haberi

9 827 12 834 '
133 823 261 905 volunt,
281 822 434 905 evaseris,
453 821 494 886 ad
514 843 568 886 eos
585 821 708 904 venire,
729 821 876 905 quivere
895 822 1017 886 iudices
1036 822 1144 906 appol-

133 912 256 994 lentur,
283 909 438 993 Minoem,
467 909 767 992 Rhadamanthum,
798 910 956 992 Aeacum,
987 909 1144 993 Triptole-

1 1001 2 1011 ’
88 1075 92 1082 Ι
134 1021 237 1081 mum,
260 999 492 1082 convenireque
512 1019 576 1080 eos,
595 998 650 1082 qui
668 997 754 1062 iuste
771 1002 800 1062 et
817 1019 890 1061 cum
910 997 973 1061 fide
991 997 1143 1063 vixerintl

1 1071 2 1108 ¹
134 1085 226 1152 Haec
247 1086 467 1170 peregrinatio
491 1086 660 1152 mediocris
684 1085 777 1150 vobis
800 1085 901 1150 videri
923 1086 1054 1168 potest?
1098 1085 1145 1151 Ut

1 1193 2 1204 ¹
90 1201 122 1240 ao
135 1197 212 1240 vero
232 1174 384 1258 conloqui
402 1195 475 1239 cum
494 1174 636 1258 Orpheo,
654 1171 800 1257 Musaeo,
822 1171 981 1256 Homero,
1001 1173 1144 1240 Hesiodo

134 1264 247 1345 liceat,
276 1263 389 1349 quanti
420 1262 551 1328 tandem
588 1261 790 1326 aestimatis?
848 1260 1009 1347 Equidem
1048 1285 1144 1346 saepe

135 1352 251 1433 emori,
274 1352 302 1416 si
324 1350 394 1416 fieri
416 1354 541 1434 posset,
564 1351 695 1434 vellem,
716 1354 755 1414 ut
778 1371 829 1434 aa,
851 1372 933 1434 quae
956 1351 1041 1433 dico,
1064 1351 1144 1417 mihi

126 1441 248 1504 vliceret
269 1439 421 1504 inveniress
462 1439 592 1514 Quanta
614 1439 828 1504 delectatione
851 1442 960 1504 autem
983 1440 1145 1523 adficerer,

136 1549 210 1593 cum
224 1525 437 1610 Palamedem,
455 1548 526 1592 cum
541 1527 684 1607 Aiacem,
703 1548 775 1592 cunr
795 1526 876 1592 alios
895 1527 1014 1593 iudicio
1033 1527 1144 1610 iniquo

91 1641 121 1682 ιι
137 1617 371 1681 circumventos
400 1616 617 1680 convenirem!
666 1615 878 1698 Temptarem
905 1615 1004 1679 etiam
1027 1616 1145 1680 summi

135 1704 238 1788 regis,
261 1703 314 1787 qui
338 1705 496 1770 maximas
520 1703 630 1787 copias
654 1703 746 1767 duxit
768 1703 810 1766 ad
831 1701 975 1786 Troiam,
1001 1706 1035 1767 et
1056 1702 1145 1768 Ulixi

136 1792 332 1893 Sisyphique
359 1791 580 1893 prudentiam,
602 1813 662 1856 nec
689 1791 730 1856 ob
759 1813 831 1854 eam
858 1811 940 1875 rem,
968 1811 1040 1854 cum
1065 1791 1145 1856 haec

136 1880 350 1964 exquirerem,
374 1880 457 1944 siout
443 1879 532 1944 thie
554 1879 727 1961 faciebam,
749 1878 855 1962 capita
824 1877 1057 1944 tdamnarer.
1094 1878 1144 1944 Nc

135 1991 195 2034 ros
224 1968 365 2054 quidem,
393 1967 564 2032 iudices”
541 1991 580 2051 11,
612 1968 666 2069 qui
695 1988 746 2031 me
774 1966 976 2051 absolvistis,
1007 1971 1145 2032 mortem

91 2083 123 2122 ao
136 2057 319 2122 timueritis
363 2055 432 2120 Nec
460 2056 546 2120 enim
574 2056 722 2140 cuiquam
750 2055 836 2120 bono
863 2055 942 2120 mali
973 2055 1144 2158 quicquam
1163 2077 1197 2126 ss

136 2147 265 2210 evenire
287 2147 397 2228 potest
418 2166 478 2209 nec
495 2145 571 2209 vivo
589 2165 648 2209 nec
666 2147 807 2228 mortuo,
829 2165 888 2209 nec
907 2166 1057 2230 umquam
1076 2145 1145 2209 cius

136 2257 187 2298 res
207 2256 227 2298 ι
245 2232 295 2298 dis
318 2233 543 2298 inmortalibus
565 2233 790 2334 neglegentur,
813 2253 871 2296 nec
894 2232 1007 2296 mihi
997 2232 1061 2317 ipsi
1083 2232 1146 2297 hoc

138 2321 255 2387 accidit
275 2319 420 2385 fortuito.
455 2317 524 2385 Nec
543 2342 619 2385 vcro
639 2339 698 2404 ego
717 2321 772 2403 iis,
796 2343 815 2384 a
836 2321 952 2404 quibus
976 2325 1145 2386 accusatus

138 2412 195 2474 aut
218 2408 376 2510 aquibus
399 2409 590 2473 condemnat
576 2412 629 2472 tus
659 2430 744 2490 sum,
771 2407 876 2472 habeo
904 2408 990 2490 quod
1017 2430 1145 2473 suscen-

93 2517 123 2563 ιι
139 2519 241 2580 seam,
262 2497 328 2560 nisi
351 2496 436 2580 quod
454 2495 535 2560 mihi
553 2517 668 2561 nocere
687 2517 721 2559 se
739 2493 963 2559 crediderunt
1001 2493 1047 2559 Et
1064 2495 1146 2560 liaeo

138 2585 268 2672 quidem
290 2584 353 2648 hoc
375 2583 485 2667 modo,
510 2584 593 2649 nihil
615 2587 723 2648 autem
746 2582 859 2646 melius
884 2585 1039 2648 extremo:
1073 2581 1145 2648 sed

137 2680 267 2758 tempus
291 2671 351 2736 est'
356 2670 548 2757 ,inquit,
550 2672 617 2736 iam
639 2672 715 2754 hinc
742 2671 832 2735 abire
858 2691 923 2753 mc,
954 2673 991 2735 ut
1017 2672 1147 2754 moriar,

88 2791 93 2798 ·
138 2784 260 2845 vos,u
238 2761 402 2825 utvitam
430 2762 546 2845 agatis·
594 2759 712 2825 Utrum
744 2763 852 2824 autem
883 2759 927 2824 sit
955 2760 1082 2843 melino,
1115 2761 1147 2825 di

139 2849 330 2916 inmortales
369 2848 489 2932 sciunt,
523 2849 687 2914 hominem
723 2846 853 2932 quidem
890 2847 970 2912 scire
1007 2848 1148 2914 arbitror

95 2963 126 3004 sc
139 2935 322 3004 neminem?
348 2986 350 2989 -

204 3024 257 3090 Ne
288 3025 349 3110 ego'
380 3023 467 3089 haud
498 3025 596 3107 paulo
623 3023 708 3089 hunc
737 3023 880 3089 animum
907 3025 1019 3090 malim
1050 3027 1200 3108 quam42

54 3126 59 3130 “
140 3136 251 3180 eorum
288 3113 431 3179 omnium
467 3111 628 3196 fortunas,
644 3119 650 3130 “
665 3113 738 3264 quit
753 3112 791 3177 da
823 3112 886 3179 hoc
909 3113 1147 3178 iudicaverunt.

139 3203 228 3287 Etsi,
259 3200 344 3285 quod
374 3204 504 3284 praeter
536 3200 611 3265 deos
639 3203 738 3285 negat
768 3201 850 3266 scire
877 3221 1083 3285 quemquam,
1114 3199 1148 3263 id

141 3291 233 3356 scit
224 3309 294 3374 1pse
316 3292 425 3354 utrum
447 3289 492 3354 sit
513 3288 641 3374 melius;
664 3310 740 3354 nam
764 3288 845 3353 dixit
830 3292 952 3373 t3ante
976 3287 1032 3351 sod
1055 3309 1147 3352 suum

5 3369 8 3461 l
98 3404 127 3446 ιι
140 3380 236 3462 illud,
266 3377 349 3454 nihil
380 3380 418 3442 ut
449 3376 609 3457 adfirmet,
637 3379 726 3440 tenet
711 3375 793 3440 tad
824 3339 1011 3442 ιιιιιιιιιιιιι.
1055 3375 1201 3446 Nos1cc

141 3471 250 3533 autem
280 3470 466 3548 teneamus,
501 3468 538 3529 ut
573 3425 656 3529 nihil
688 3485 873 3529 censeamus
910 3484 981 3528 esse
1017 3464 1148 3548 malum,

140 3555 225 3640 quod
253 3554 298 3618 sit
323 3577 344 3619 a
369 3556 486 3618 natura
513 3553 569 3616 dat
554 3555 624 3617 tum
653 3551 818 3633 omnibus,
848 3551 1149 3638 intellegamusque,
