2586 3950
161 167 243 279 118.
322 215 370 270 DE
389 214 533 270 FINIBUS
552 214 730 269 BONORUM
749 213 795 268 ΕΤ
814 213 997 268 MALORUM

159 376 366 442 ‘sententia
398 377 649 442 confirmavit
680 377 858 459 animum,
893 398 939 440 ne
971 376 1068 460 quod
1100 381 1166 440 aut
1270 399 1271 438 l

160 466 435 550 sempiternum
468 468 532 530 aut
569 465 790 530 diuturnum
821 465 976 530 timaret
1012 463 1165 547 malum,

159 575 252 636 quae
275 553 476 636 perspexit
507 553 546 617 in
572 553 643 618 hoc
670 553 758 636 ipso
786 553 887 618 vitae
916 555 1043 636 spatio
1072 553 1164 616 ami-

108 663 140 710 co
160 641 279 706 citiae
293 641 528 725 praesidium
544 663 626 706 asse
641 639 930 712 firmissimum?
958 639 1041 705 Sunt
1055 643 1163 704 autem

159 730 290 813 quidam
316 729 467 812 Epicurei
493 729 673 794 timidiores
700 729 797 813 paulo
823 732 936 794 eontra
958 732 1065 793 vestra
1088 748 1198 793 cun-5

158 818 255 900 vicia,
287 818 343 882 sed
374 822 484 881 tamen
520 818 599 882 satis
632 817 730 899 acuti,
762 817 817 902 qui
848 819 1009 898 verentur,
1045 838 1099 900 ne,
1136 818 1164 881 si

159 905 336 970 amicitiam
370 909 503 989 propter
536 909 683 970 nostram
717 905 916 988 voluptatem
955 905 1164 989 expetendam

158 999 321 1077 putemus,
343 996 414 1057 tota
432 993 577 1058 amicitia
599 994 691 1078 quasi
711 993 889 1057 claudicare
906 992 1063 1057 videatur.
1098 991 1164 1057 lta-

159 1103 220 1166 que
246 1082 368 1165 primos
396 1101 587 1165 congressus
617 1081 900 1166 copulationesque
932 1084 965 1144 ct
995 1086 1164 1146 consuetu·

159 1170 269 1234 diuum
297 1169 567 1234 instituendarum
593 1170 776 1234 voluntates
799 1169 870 1233 fieri
896 1172 1028 1253 propter
1050 1170 1213 1254 volup-10

158 1261 272 1342 tatem3
310 1253 382 1320 cum
418 1261 525 1321 autam
561 1280 637 1322 usus
669 1256 878 1343 progrediens
909 1257 1165 1323 familiaritatem

159 1345 311 1425 effecerit,
333 1349 403 1408 tum
422 1366 565 1410 amorem
584 1345 782 1410 efflorescere
800 1349 940 1428 tantum,
960 1349 1012 1429 ut,
1035 1347 1164 1412 etiamsi

158 1432 249 1497 nulla
267 1433 311 1497 sit
327 1433 454 1498 utilitas
473 1455 512 1497 cx
531 1434 686 1517 amicitia,
708 1438 818 1498 tamen
834 1435 898 1516 ipsi
918 1434 1013 1499 amici
1031 1439 1165 1519 propter

160 1543 194 1585 sc
212 1522 300 1605 ipsos
319 1525 475 1586 amentur.
511 1521 640 1586 Etenim
659 1522 687 1586 si
704 1523 789 1604 loca,
808 1522 837 1586 si
854 1521 943 1605 fana,
964 1523 993 1586 si
1010 1524 1116 1606 urbes,
1135 1524 1164 1586 si

159 1609 342 1695 gymnasia,
370 1610 398 1674 si
422 1631 583 1694 campum,
610 1611 639 1675 si
661 1631 770 1687 canes,
796 1610 824 1674 si
848 1632 959 1695 equos,
989 1611 1018 1675 si
1039 1611 1165 1676 ludicra
1179 1644 1208 1683 15

159 1698 324 1763 exercendi
352 1700 408 1762 aut
430 1698 568 1763 venandi
590 1698 819 1778 consuetudine
842 1699 992 1764 adamare
1014 1700 1164 1782 solemus,

159 1790 279 1869 quanto
316 1786 348 1850 id
386 1787 421 1851 in
456 1785 625 1852 hominum
665 1787 895 1852 consuetudine
929 1787 1057 1852 facilius
1092 1788 1163 1852 fieri

107 1895 140 1943 70
158 1875 281 1959 poterit
313 1877 345 1937 ct
376 1874 513 1938 iustius?
567 1873 649 1938 Sunt
681 1879 800 1958 autem,
829 1877 884 1959 qui
911 1876 1019 1940 dicant
1048 1875 1161 1940 foedus

158 1985 228 2028 esse
251 1961 410 2047 quoddam
433 1962 639 2046 sapientium,
667 1967 705 2027 ut
730 1985 770 2028 ne
793 1965 899 2029 minus
922 1965 1041 2029 amieos
1065 1984 1162 2048 quam

158 2073 193 2114 se
216 2051 304 2134 ipsos
329 2050 475 2134 diligant.
511 2048 602 2125 Quod
626 2055 659 2115 et
681 2073 776 2135 posse
798 2052 866 2116 fieri
888 2052 1106 2136 intellegimus
1129 2057 1162 2116 et
1177 2086 1203 2124 20

159 2160 254 2222 saepe
285 2140 401 2203 euenire
431 2139 588 2222 videmus,
622 2143 655 2203 et
685 2141 890 2224 perspicuum
922 2144 971 2205 est
1006 2139 1089 2204 nihil
1122 2140 1161 2204 ad

158 2226 293 2290 iucunde
321 2226 491 2290 vivendum
518 2228 655 2312 reperiri
682 2249 790 2312 posse,
822 2229 908 2312 quod
937 2228 1162 2293 coniunctione

158 2315 217 2378 tali
235 2315 279 2378 sit
301 2315 417 2397 aptius.
449 2313 572 2390 Quibus
591 2338 630 2380 cx
649 2318 797 2382 omnibus
815 2316 950 2381 iudicari
971 2319 1080 2400 potest
1097 2338 1163 2381 non

158 2402 253 2466 modo
280 2424 346 2467 non
372 2403 522 2487 impediri
553 2404 713 2469 rationem
741 2405 915 2488 amicitiae,
943 2404 972 2468 si
1001 2426 1162 2470 summum

157 2491 280 2555 bonum
293 2491 328 2554 in
342 2491 508 2574 voluptate
525 2497 674 2576 ponatur,
693 2494 748 2557 sed
762 2493 830 2558 sine
846 2492 909 2558 hoc
925 2493 1162 2558 institutionem
1176 2525 1202 2563 aa

159 2579 290 2643 omnino
314 2579 474 2644 amicitiae
496 2601 562 2644 non
584 2603 679 2664 posse
704 2581 846 2664 reperiri.

224 2665 428 2750 Quapropter
454 2667 482 2732 si
509 2691 559 2752 ea,
586 2690 667 2752 quae
690 2669 768 2747 dixi,
800 2670 866 2734 sole
890 2671 960 2754 ipso
982 2671 1162 2737 illustriora

159 2758 191 2818 et
217 2754 355 2819 clariora
382 2759 470 2839 sunt,
498 2755 527 2820 si
554 2758 661 2822 omnia
685 2757 777 2838 [dixi]
805 2758 963 2823 haustae
991 2759 1083 2824 fonte
1106 2783 1162 2826 na·

157 2845 262 2926 turae,
286 2843 315 2907 si
331 2845 403 2907 tota
421 2845 526 2908 oratio
544 2849 657 2910 nostra
675 2867 801 2910 omnem
820 2847 884 2910 sibi
901 2846 997 2910 fidem
1015 2849 1161 2913 sensibus

157 2933 341 3013 confirmat,
368 2931 402 2995 id
429 2935 479 2996 est
506 2932 699 3018 incorruptis
727 2939 822 3017 atque
850 2934 986 3018 integris
1015 2936 1161 3015 testibus,
1175 2969 1222 3009 30-

158 3021 187 3084 si
204 3019 345 3084 infantes
363 3021 462 3103 pueri,
480 3025 588 3086 mutae
607 3023 706 3086 etiam
725 3021 849 3086 bestiae
866 3043 968 3105 paene
986 3024 1162 3106 loquuntur

157 3109 316 3192 magistra
343 3129 379 3172 ac
407 3109 485 3172 duce
512 3113 628 3174 natura
658 3109 741 3173 nihil
774 3131 843 3174 esse
875 3132 1065 3195 prosperum
1096 3113 1162 3176 nisi

156 3197 370 3280 voluptatem,
401 3196 483 3261 nihil
515 3219 664 3280 asperum
695 3197 760 3262 nisi
791 3197 948 3282 dolorem,
978 3199 1017 3263 de
1045 3201 1161 3285 quibus

156 3305 259 3368 neque
291 3285 463 3368 depravate
494 3284 638 3350 iudicant
668 3307 770 3371 neque
802 3290 964 3370 corrupta,
995 3309 1101 3354 nonne
1132 3290 1171 3368 ei⁸

156 3373 331 3438 maximam
354 3373 493 3456 gratiam
515 3372 635 3438 habere
658 3375 823 3458 debemus,
851 3375 905 3458 qui
927 3375 988 3440 hac
1011 3376 1162 3441 exaudita
1174 3408 1198 3448 35

156 3461 249 3543 quasi
275 3482 352 3526 voce
378 3465 513 3525 naturae
540 3461 586 3525 sic
620 3483 692 3526 eam
718 3462 810 3528 firmo
841 3464 1045 3548 graviterque
1077 3486 1161 3529 ccm-

155 3547 373 3632 prshendcrit,
399 3552 436 3612 ut
463 3571 573 3614 omnes
601 3551 683 3615 bene
710 3572 805 3616 sanos
834 3551 869 3615 in
890 3553 976 3616 viam
1004 3553 1162 3639 placatae,

105 2635 146 2697 21

105 2713 137 2760 ⁷1
