2568 3948
146 203 212 266 234
309 203 356 258 DE
375 202 519 257 FlNlBUS
537 201 717 257 BONORUM
735 201 782 258 ET
801 201 983 257 MALORUM

147 362 219 416 aliae
242 378 298 416 non
320 360 495 416 voluntariae
519 363 595 429 sunt,
619 378 687 429 quas
710 360 851 430 ingeniosi
872 360 990 429 habent,
1014 362 1088 416 aliae
1107 377 1155 415 vo-

146 433 294 499 luntariae,
314 449 384 500 quae
399 432 435 484 ad
449 447 541 486 mores
554 432 703 501 pertinent,
717 447 836 500 magnae
851 433 880 485 et
896 447 987 486 verae.
1017 431 1156 498 Quoniam

146 504 242 557 autem
264 519 298 556 ca
319 501 439 556 maxime
463 502 619 570 expetenda
638 503 703 555 sunt
720 517 754 554 ex
772 501 886 566 nostris,
910 518 981 568 quae
1002 502 1156 570 plurimum

146 572 253 626 liabent
280 571 437 641 dignitatis,
465 571 552 625 animi
577 571 664 625 virtus
692 569 815 640 corporis
839 570 939 625 virtuti
965 571 1155 640 anteponitur,

145 643 287 710 animique
313 642 431 696 virtutes
458 657 514 695 non
540 641 713 696 voluntarias
736 641 852 695 vincunt
876 641 1051 696 voluntariae
1080 643 1155 710 (cap.

146 715 199 781 13).
236 713 309 768 Nam
328 714 357 766 et
374 712 403 793 in
420 712 518 765 bestiis
537 711 628 765 simile
647 710 754 778 aliquid
772 710 885 792 virtutis
902 711 990 779 inest,
1009 714 1037 765 et
1056 727 1155 765 earnm

144 783 667 932 unanimitatem
683 781 1156 919 uteletflltttt‘tmtt

147 926 203 990 est,
231 922 392 989 accesserit,
415 939 449 976 ea
470 939 560 991 pnmo
582 922 645 976 loco
670 921 734 988 erit,
762 921 813 975 illa
839 924 948 989 tamen,
972 937 1043 990 quac
1069 923 1157 976 antea

146 994 239 1059 erant,
257 993 409 1047 manebunt
423 994 452 1046 et
468 993 573 1046 tuenda
587 993 675 1046 erunt.
704 993 747 1044 Ita
761 1009 899 1045 summum
912 990 1034 1046 hominis
1048 993 1156 1046 bonnm

145 1063 303 1118 cumulatur
321 1079 355 1116 ex
372 1062 534 1143 integritate
553 1061 676 1131 corporis
691 1064 768 1115 etex
781 1061 883 1115 mentis
899 1063 1008 1116 ratione
1026 1061 1156 1131 perfecta

147 1135 218 1202 (cap.
240 1134 292 1200 14).
330 1132 384 1186 Sed
401 1149 494 1201 pruna
510 1133 561 1186 illa
580 1131 796 1198 commendatio,
818 1147 890 1200 quae
910 1148 927 1187 a
944 1134 1045 1186 natura
1063 1132 1155 1186 nostri

95 1265 97 1270 ¹
144 1203 222 1256 facta
249 1206 292 1256 est
315 1202 408 1268 nobis,
437 1201 545 1255 incerta
570 1205 599 1256 et
627 1203 744 1256 obscura
769 1203 826 1268 est3
852 1201 920 1269 quid
947 1204 1047 1256 natura
1073 1202 1154 1268 velit,

146 1271 249 1326 sensim
271 1271 398 1340 intellegi
419 1271 519 1340 incipit
541 1273 570 1325 et
591 1272 621 1325 in
639 1271 733 1340 pueris
751 1272 891 1327 scintillae
912 1272 1047 1326 virtutum
1066 1288 1154 1342 appa·

145 1344 209 1396 rent
227 1343 297 1410 (cap.
320 1343 369 1410 lt).
407 1341 646 1411 Progrediendum
664 1343 707 1396 est
730 1341 842 1411 longius
861 1343 890 1395 et
906 1343 1057 1397 videndum
1076 1342 1154 1411 peni·

146 1414 204 1479 tus,
228 1411 295 1479 quid
317 1414 418 1465 natura
440 1412 572 1480 postulet.
610 1411 802 1480 Quoniamque
827 1411 914 1466 animi
931 1413 955 1466 is
974 1411 1116 1482 appetitus
1136 1429 1154 1466 a

146 1479 719 1607 luetluetttulsetllttt
734 1482 1154 1621 qlliieliitlillitialli

315 1594 322 1620 2
720 1595 727 1620 1

144 1623 261 1676 sistitur.
298 1623 330 1676 In
352 1621 476 1691 corporis
499 1622 652 1677 commodis
676 1621 747 1676 sitne
765 1622 909 1691 voluptas,
935 1623 1006 1677 nihil
1024 1623 1061 1676 ad
1078 1623 1154 1677 hanc

146 1693 338 1761 quaestionem
357 1694 428 1762 (cap.
449 1694 500 1759 16).
528 1693 669 1747 Hactenus
688 1692 843 1773 disputatio
862 1693 946 1748 ducta
966 1695 1008 1748 est
1026 1710 1044 1747 a
1061 1693 1154 1762 prima

144 1762 387 1818 commendatione
410 1766 540 1832 natiuae,
565 1780 619 1830 qua
641 1779 692 1817 nos
715 1762 871 1830 d1ligimus;
895 1763 1063 1833 sedetiam,
1088 1762 1155 1830 quia

145 1833 278 1902 cuiusque
296 1833 387 1902 partis
403 1835 520 1887 naturae
539 1835 568 1886 et
592 1834 621 1886 in
639 1849 756 1903 corpore
780 1835 809 1886 et
830 1833 971 1888 inanimo
994 1851 1045 1887 sna
1068 1849 1153 1901 quae·

146 1920 200 1971 qne
218 1903 261 1957 vis
281 1904 335 1970 est,
353 1903 458 1956 idcirco
476 1903 506 1956 in
523 1902 557 1956 iis
572 1905 668 1957 nostra
682 1905 781 1971 sponte
795 1920 948 1958 movemur.
977 1903 1015 1958 Et
1031 1903 1155 1972 primum

143 1973 612 2112 laurentinusque
635 1975 837 2111 {eume
859 1973 1026 2112 letrau
1050 1974 1153 2112 leue

819 2085 834 2110 i·

144 2113 264 2168 maxime
288 2129 303 2166 e
326 2113 426 2166 natura
449 2114 492 2166 est
515 2114 585 2181 (cap.
611 2116 664 2182 17).
704 2113 737 2165 ln
760 2112 852 2166 animo
875 2115 969 2168 autem
994 2114 1107 2167 excellit
1125 2116 1154 2168 et

144 2183 240 2236 multis
268 2181 358 2236 modis
382 2199 446 2236 eum
468 2181 498 2234 in
526 2182 633 2252 pueris,
656 2185 716 2236 tum
742 2182 773 2236 in
799 2182 866 2237 viris
892 2184 996 2240 eminet
1020 2183 1154 2239 scientiae

145 2252 297 2321 cupiditas,
317 2267 388 2320 quae
407 2251 504 2309 satiari
522 2252 620 2319 nequit
638 2253 709 2320 (cap.
725 2255 861 2321 18-19).
897 2254 969 2308 Huic
988 2254 1154 2308 adiunctum

145 2326 190 2378 est
208 2322 331 2377 studium
350 2337 459 2390 semper
477 2320 582 2390 aliquid
603 2323 719 2392 agendi,
742 2339 797 2390 quo
819 2323 947 2378 homines
971 2323 1086 2393 impulsi
1105 2327 1156 2378 aut

144 2392 263 2464 privatis
281 2391 403 2462 negotiis
422 2395 593 2462 occupantur
618 2395 668 2446 aut
690 2409 750 2446 rem
772 2393 914 2462 publicam
938 2397 1087 2463 capessunt
1104 2397 1156 2450 ant

144 2463 175 2518 in
199 2463 249 2517 illa
271 2463 333 2532 ipsa
358 2462 486 2517 doctrina
504 2465 534 2516 et
552 2463 670 2518 scientia
689 2464 848 2532 quaerenda
865 2464 993 2518 laborem
1012 2465 1155 2519 collocant

146 2535 217 2602 (cap.
233 2536 285 2603 20).
314 2533 388 2602 Ergo
402 2533 438 2586 ad
452 2535 591 2602 agendum
603 2533 664 2586 nati
677 2550 783 2600 sumus3
803 2533 927 2588 actiones
946 2535 1065 2589 virtutes
1080 2537 1154 2600 sunt,

146 2621 262 2671 quarum
289 2603 371 2657 initia
394 2619 482 2671 parva
504 2605 569 2657 sunt
592 2606 621 2657 et
646 2605 687 2658 ita
710 2606 850 2658 enatura
871 2603 1016 2671 inchoata,
1040 2607 1073 2658 ut
1098 2604 1155 2674 ipsi

145 2673 274 2743 persequi
301 2673 412 2742 longius
441 2673 591 2727 debeamus
618 2675 690 2742 (cap.
719 2675 772 2742 21).
818 2674 911 2742 Atque
939 2675 1008 2728 haec
1033 2675 1154 2730 honesta

144 2745 244 2811 suapte
262 2744 363 2796 natura
386 2758 446 2796 esee
470 2742 626 2812 expetenda
648 2742 774 2798 indicant
798 2746 831 2798 et
869 2760 998 2799 derorum
1016 2746 1046 2798 et
1062 2745 1154 2814 magis·

147 2813 233 2868 etiam
260 2812 419 2866 adultorum
444 2812 588 2866 hominum
613 2812 719 2867 iudicia
748 2815 777 2867 et
804 2816 848 2868 stu
871 2813 897 2867 ‘a
923 2815 995 2884 (cap,
1023 2817 1076 2884 22).
1122 2817 1155 2870 ln

146 2883 222 2936 omni
240 2885 335 2935 autem
353 2882 471 2936 honesto
490 2882 561 2936 nihil
575 2885 619 2936 est
636 2885 695 2936 tam
712 2883 836 2952 illustre,
853 2901 906 2938 nec
925 2884 1000 2952 quod
1018 2885 1078 2939 tarn
1095 2885 1153 2940 late

144 2954 254 3022 pateat,
273 2969 357 3020 quam
374 2952 494 3020 iustitia;
513 2953 563 3008 sed
582 2970 677 3008 omnes
694 2954 814 3008 virtutes
831 2953 873 3008 ita
891 2955 1022 3008 confusae
1042 2957 1071 3009 et
1090 2971 1153 3009 con-

144 3025 256 3078 iunctae
289 3023 365 3090 sunt,
397 3024 429 3076 ut
460 3023 584 3092 separari
614 3023 669 3078 nisi
700 3023 931 3094 philosophorum
961 3025 1071 3080 ratione
1097 3041 1155 3078 non

166 3093 260 3148 ossint.
306 3092 344 3145 Et
371 3091 502 3161 quoniam
530 3094 604 3148 inest
630 3094 660 3148 in
685 3093 789 3149 virtute
819 3111 886 3148 cura
909 3093 1048 3162 quaedam
1074 3095 1155 3162 quasi

143 3113 219 3218 foras
243 3164 384 3233 spectans,
407 3180 442 3218 ex
463 3180 518 3232 quo
541 3165 575 3219 fit
597 3163 742 3232 utamini,
764 3163 929 3234 propinqui,
949 3163 1037 3233 cives,
1057 3181 1154 3220 omnes

145 3234 263 3302 denique
286 3233 413 3287 homines
436 3235 552 3303 propter
575 3251 604 3288 se
628 3233 776 3302 expetendi
799 3233 865 3301 sint,
894 3233 949 3288 duo
968 3251 1071 3304 genera
1089 3237 1154 3289 sunt

143 3307 258 3373 propter
286 3319 315 3357 sc
344 3304 574 3374 expetendorum,
603 3322 687 3358 unum
713 3303 743 3357 in
771 3303 840 3374 ipsis
867 3304 963 3372 nobis,
991 3321 1063 3373 quae
1089 3309 1155 3360 sunt

143 3375 230 3428 animi
258 3375 288 3428 et
315 3373 454 3443 corporis,
482 3373 603 3428 alterum
631 3373 815 3443 extrinsecus,
838 3374 990 3442 atanici,
1013 3379 1153 3444 parentes,

142 3443 233 3498 liberi.
276 3443 331 3497 Sed
354 3444 408 3498 hoc
432 3443 551 3498 alterum
574 3461 662 3514 genus
684 3461 740 3499 non
763 3445 920 3500 continetur
937 3445 992 3498 fine
1016 3447 1154 3500 bonorum

142 3514 215 3580 (cap.
234 3516 294 3582 23),
318 3514 347 3566 et
369 3515 464 3567 tamen
488 3513 582 3568 omnia
605 3515 642 3568 ad
666 3531 728 3568 cum
751 3515 923 3581 referentum
946 3531 1012 3569 nam
1038 3517 1154 3570 externa

1273 1241 1275 1342 l

1274 1529 1275 1624 l
