2538 3956
123 193 274 250 TUSCUL.
290 192 480 250 DISPUTAT.
509 194 577 248 LIB.
589 193 637 250 IV.
659 194 744 248 ABG.
772 194 848 250 OAP.
864 201 887 250 1.
916 201 1036 261 §1-3.
1069 195 1131 262 391
1182 265 1188 276 ,

1 319 2 338 ¹
123 353 197 411 nim
213 353 314 420 animi,
337 353 526 421 neruosae,
551 353 620 408 nrm
639 353 794 408 honeratis
806 356 885 424 rap.
903 361 951 424 cr,
970 357 1024 425 aa).
1060 357 1135 412 eau-

1 457 2 476 2
125 441 182 494 qua
204 423 371 494 disputatio,
396 441 451 491 quo
469 423 553 478 motio
571 425 706 493 quattuor
731 425 786 478 ista
804 439 907 494 genera
925 425 1052 480 tollenda
1070 426 1134 496 sint,

115 497 210 550 uocet
229 497 303 564 (cap.
321 499 454 562 29⁴³8).

523 625 735 632 *ω’-..-

152 775 154 781 ,
192 709 273 776 Cum
292 710 403 776 multis
425 709 506 776 locis
524 713 710 774 nostrorum
733 710 899 776 bominum
915 712 1052 796 ingenia
1071 713 1133 776 vir·
1154 674 1170 797 i

116 802 288 882 tutosque,
314 797 433 882 ¹Brute,
461 798 554 863 soleo
591 797 715 882 mirari,
750 802 821 864 tum
856 799 995 864 mauime
1027 800 1061 864 in
1091 799 1133 864 iis

122 886 256 970 studiis,
286 907 369 970 quae
407 905 478 952 sero
509 885 682 952 amorum
715 887 858 970 expetita
879 888 920 952 in
942 888 1030 954 bano
1060 889 1134 953 civi-

124 978 227 1040 tatem
255 996 272 1038 e
301 973 435 1038 Graecia
465 975 709 1040 transtulerunt.
751 973 844 1040 -Nam
873 997 944 1040 cum
978 999 997 1040 a
1028 977 1133 1060 primo

96 1063 214 1130 ambis
254 1066 327 1128 ortu
357 1061 461 1146 regiis
498 1063 671 1142 institutis,
713 1063 831 1146 partim
867 1064 967 1130 etiam
1007 1064 1133 1149 legibus

121 1151 283 1234 auspicia,
306 1151 532 1229 caerimoniae,
556 1151 700 1234 comitia,
714 1152 982 1237 provocationes,
1004 1157 1135 1236 patrum

125 1239 309 1323 consilium,
329 1239 482 1322 equitum
502 1239 725 1324 *peditumque
753 1239 943 1324 discriptio,
978 1243 1048 1306 tota
1076 1263 1134 1306 :res

119 1327 278 1394 ‚militaris
309 1327 464 1392 divinitus
497 1330 584 1392 esset
616 1328 804 1411 coust'tuta,
842 1333 912 1396 tum
949 1330 1134 1414 progressio

124 1415 327 1482 admirabilis
348 1415 612 1500 incredibilisque
629 1436 747 1480 cursus
771 1415 812 1480 ad
831 1438 960 1480 omnem
978 1417 1134 1482 excellen-

82 1506 206 1584 retiam
232 1504 339 1571 factus
368 1507 418 1568 ast
435 1503 613 1572 seminata
645 1505 735 1587 regio
762 1504 959 1587 republica
987 1504 1134 1570 liberata.

120 1591 194 1658 Nec
221 1614 297 1658 vero
325 1591 378 1656 hic
405 1592 496 1658 locus
523 1596 587 1676 est,
608 1596 650 1656 ut
677 1591 715 1656 de
739 1591 884 1656 moribus
912 1592 1134 1676 institutisque
1211 1668 1220 1679 ,

122 1681 285 1746 maiorum
315 1683 351 1744 et
380 1680 555 1764 disciplina
581 1701 624 1746 ao
650 1680 889 1762 vterrrperatione
916 1681 1059 1745 civitatis
1088 1680 1134 1745 lo-

56 1835 60 1844 ,
124 1791 276 1854 quaerum
303 1767 375 1834 aliis
404 1768 485 1834 haec
508 1768 589 1833 locis
613 1769 693 1833 satis
717 1771 863 1834 accurate
887 1768 1023 1834 anobis
1048 1769 1134 1832 diota

123 1861 203 1924 sunt
219 1857 426 1941 maximeque
449 1857 484 1922 in
499 1857 545 1921 iis
569 1877 625 1922 sex
646 1856 753 1939 libris,
780 1877 859 1939 quos
883 1857 922 1920 de
945 1857 1134 1939 republica

84 1945 326 2030 rescripsimus.
361 1943 432 2010 Hoc
455 1949 564 2010 autem
586 1945 659 2010 loco
675 1943 900 2010 consideranti
917 1943 1003 2008 *mihi
1020 1943 1134 2008 studia
1152 1963 1169 2011 2

125 2035 291 2100 doetrinae
313 2033 418 2098 multa
438 2054 518 2098 sane
542 2037 727 2114 occurrunt,
741 2054 806 2098 cur
824 2055 865 2096 oa
887 2049 1013 2116 quoque
1031 2054 1134 2098 eroes·

121 2123 191 2188 sita
213 2120 341 2188 aliunde
363 2143 467 2205 neque
485 2122 593 2186 solum
616 2121 772 2204 expetita,
798 2122 856 2186 sad
886 2122 985 2188 etiam
1009 2141 1134 2186 consar-

123 2215 202 2276 sata
230 2214 264 2275 et
291 2210 377 2274 uulta
407 2209 587 2274 uideantur.
637 2209 720 2274 Erat
752 2210 838 2274 enim
870 2209 935 2273 illia
961 2230 1068 2292 ‘paene
1100 2210 1135 2272 in

73 2353 76 2363 r
125 2301 300 2382 conspectu
329 2298 511 2381 praestanti
542 2297 701 2380 sapientia
736 2300 770 2361 ct
799 2297 977 2362 ¹nobilitate
1013 2296 1134 2380 Pytha-

84 2415 111 2454 so
122 2409 238 2473 goras,
269 2386 326 2476 qui
358 2385 422 2450 fuit
448 2383 608 2450 initalia
635 2384 834 2468 temporibus
871 2385 988 2466 isdem,
1018 2385 1133 2466 quibus

124 2475 161 2540 L.
184 2475 305 2540 Brutus
321 2475 466 2558 patriam
484 2470 653 2555 tibcrarit,
676 2473 859 2555 praeclarus
881 2475 994 2536 auctor
1016 2471 1133 2535 nobili-

8 2564 11 2570 '
120 2564 204 2628 tatis
235 2567 319 2628 tuae.
372 2561 581 2646 Pythagorae
611 2563 721 2624 autam
753 2559 900 2624 doctrina
933 2580 1005 2623 cum
1038 2560 1134 2643 louge

124 2654 253 2736 lateque
272 2650 406 2734 :flueret
433 2650 680 2734 ,permanavisse
712 2647 793 2712 mihi
824 2647 952 2712 ridetur
984 2647 1018 2710 in
1049 2646 1133 2711 hane

125 2741 301 2823 civitatem,
332 2739 428 2821 idque
460 2760 532 2803 cum
561 2737 746 2802 conioctma
771 2735 940 2820 probabile
964 2739 1033 2818 est,
1064 2740 1134 2800 tum

84 2854 111 2894 aa
126 2827 317 2913 quibusdam
342 2827 443 2891 etiam
470 2826 617 2910 vestigiis
640 2825 809 2891 indicatur.
853 2823 932 2899 ouis
956 2824 1049 2888 anim
1076 2826 1134 2907 cst,

126 2917 182 3001 qui
207 2919 314 3000 putet,
343 2935 414 2978 oum
441 2915 572 2980 floreret
598 2914 633 2979 in
659 2913 757 2980 laria
782 2910 920 2976 Graecia
941 2910 1133 2995 potentissi-

125 3004 244 3068 miset
267 3002 416 3067 maximis
439 3002 587 3085 urbibuS,
610 3023 647 3066 ea
670 3022 753 3086 quae
770 3019 891 3085 magma
913 2999 1076 3081 diota-est,
1100 2999 1134 3062 in

124 3092 227 3176 iisque
246 3091 386 3175 primum
404 3090 507 3174 ipsius
521 3089 739 3174 Pythagorae,
758 3088 870 3154 deinde
880 3091 1001 3172 postea
1012 3085 1133 3168 Pytha-

120 3201 298 3264 goreorum
325 3181 456 3244 tantum
483 3197 602 3244 noman
620 3181 727 3261 ‘esset
752 3181 940 3244 ¹nostrorum
967 3175 1134 3239 hominum

84 3293 112 3334 ao
125 3267 167 3332 ad
199 3289 311 3333 eorum
346 3267 551 3331 doctissimas
589 3287 684 3330 voces
718 3286 812 3329 aures
849 3263 974 3326 clausas
1006 3262 1134 3326 fuisse?

124 3355 211 3433 auin
239 3356 339 3422 ctiam
365 3355 505 3420 arbitror
528 3357 664 3438 propter
690 3353 970 3436 Ppthagorearum
992 3349 1133 3414 admira·
1153 3369 1168 3417 3

125 3445 247 3508 tionem
264 3442 408 3508 Numam
426 3463 552 3525 quoque
571 3461 680 3525 regam
700 3437 944 3522 Pythagoreum
962 3460 982 3501 a
1000 3437 1134 3520 posteri·

125 3532 235 3595 oribus
247 3531 481 3594 existimatum.
512 3526 598 3592 Nam
617 3549 688 3592 cum
702 3526 909 3610 Pythagorae
928 3525 1134 3608 disciplinam
