2586 3950
133 197 195 260 110
293 196 342 252 DE
360 195 506 252 FINIBUS
525 194 704 252 BONORUM
721 195 770 252 ΕΤ
788 195 971 252 MALORUM

129 359 249 443 ferant,
277 359 354 443 quid
381 363 431 426 est
458 381 514 424 cur
541 358 725 423 dubitemus
753 359 856 424 dicere
884 363 918 423 et
948 360 1141 443 sapientiam

128 451 262 532 propter
279 448 464 533 voluptates
484 446 696 531 expetendam
715 450 748 511 ιι
766 447 986 530 insipientiam
1008 452 1141 532 propter

77 551 110 600 4⁷
130 536 297 602 molestias
316 558 386 602 esse
404 534 612 620 fugiendam?
648 533 834 620 Eademque
852 535 978 600 ratione
998 557 1039 601 ne
1062 540 1142 601 tem-

128 625 310 707 perantiam
328 624 458 709 quidem
475 627 610 707 propter
623 645 658 688 se
673 622 883 706 expetendam
901 645 970 690 esse
989 624 1142 708 dicamus,

130 713 187 777 sed
209 713 285 797 quia
307 734 420 797 pacem
443 712 560 778 animis
584 712 700 777 afferat
724 716 758 775 ιι
778 733 833 778 eos
858 713 951 796 quasi
970 713 1171 779 concordias

129 801 268 884 quadam
285 801 393 884 placet
410 822 448 865 ac
464 801 574 873 leniat.
616 799 846 883 Temperantia
864 805 914 866 est
930 801 1031 885 enim,
1050 823 1142 887 quae,

128 890 164 953 in
185 889 282 954 rebus
305 892 362 954 aut
384 888 571 972 expetendis
595 892 653 955 aut
673 887 835 973 fugiendis
856 892 895 953 ut
910 890 1075 955 rationem
1093 911 1142 954 se-

130 1000 279 1062 quamur,
305 981 423 1043 monet.
473 974 543 1058 Nec
573 977 659 1042 enim
686 977 766 1042 satis
795 980 845 1042 est
875 977 1033 1062 iudicare,
1064 977 1142 1062 quid

128 1065 311 1132 faciendum
333 1087 399 1130 uon
421 1065 641 1132 faciendumve
665 1065 720 1150 sit,
744 1065 802 1130 sed
820 1069 905 1130 stare
925 1065 1024 1131 etiam
1047 1087 1141 1150 opor-

128 1158 178 1220 tet
199 1155 247 1218 in
256 1176 308 1237 eo,
332 1154 484 1237 quodt
440 1153 484 1218 sit
505 1154 691 1218 iudicatum.
736 1152 886 1238 Plerique
909 1157 966 1218 aut
967 1175 1031 1238 em,
1055 1154 1141 1238 quod
1155 1179 1185 1220 ιο

128 1247 237 1307 tenere
269 1245 384 1394 atquet
398 1263 525 1308 servare
557 1240 604 1326 id,
636 1241 763 1327 quod
753 1242 881 1326 rpsist
848 1244 1045 1326 statuerunt,
1075 1264 1141 1308 non

128 1333 279 1414 possunt,
306 1330 386 1395 victi
414 1334 447 1395 et
474 1330 587 1395 debilit
572 1331 635 1396 tati
668 1330 796 1396 obiecta
824 1331 931 1414 specie
963 1330 1140 1414 voluptatis

128 1418 262 1485 tradunt
284 1439 317 1483 se
340 1418 527 1484 libidinibus
551 1419 818 1504 constringendos
846 1440 920 1503 nec,
948 1419 1024 1502 quid
1048 1440 1140 1484 even-

127 1513 236 1572 turum
259 1507 304 1571 sit
310 1507 520 1591 ,provident
546 1507 588 1574 ob
617 1529 750 1591 eamque
778 1528 909 1571 causam
931 1509 1066 1591 propter
1089 1529 1140 1573 vo-

127 1596 199 1679 lupt
184 1598 287 1660 tatem
309 1598 343 1660 et
363 1617 501 1678 parvam
523 1599 556 1661 et
577 1617 643 1662 non
668 1596 897 1678 necessariam,
924 1599 958 1658 et
986 1616 1067 1680 quae
1090 1596 1140 1659 vel
1156 1620 1183 1661 ιι

128 1684 224 1748 aliter
245 1689 430 1768 pararetur,
452 1688 487 1750 et
511 1706 574 1768 qua
592 1684 692 1749 etiam
711 1705 820 1748 carere
838 1687 972 1768 possent
990 1683 1061 1748 sine
1084 1683 1139 1750 do-

127 1773 210 1856 lore,
237 1776 307 1838 tum
330 1773 365 1836 in
388 1772 519 1839 morbos
547 1774 672 1858 gravis,
698 1775 768 1837 tum
793 1772 829 1836 in
851 1771 981 1855 damna,
1009 1775 1078 1836 tum
1105 1773 1141 1837 in

129 1861 286 1926 dedecore
308 1861 490 1946 incurrunt,
513 1881 609 1946 saepe
633 1861 732 1926 etiam
752 1860 863 1945 legum
884 1861 1141 1944 iudiciorumque

76 1964 109 2013 48
128 1949 241 2034 poenis
268 1949 464 2033 obligantur.
509 1947 573 2024 Qui
600 1952 708 2014 autem
730 1948 778 2013 ita
799 1947 865 2013 frui
892 1949 1006 2014 volunt
1028 1950 1140 2032 volup-

127 2038 264 2121 tatibus,
296 2040 333 2102 ut
363 2037 446 2102 nulli
476 2041 611 2122 propter
646 2057 701 2102 ees
734 2041 971 2122 consequantur
1003 2037 1140 2120 dolores,
1154 2064 1183 2104 sc

128 2131 161 2190 et
192 2126 247 2211 qui
280 2147 374 2191 suum
404 2124 558 2190 iudicium
593 2126 748 2209 retinent,
782 2147 824 2190 ne
860 2125 1026 2209 voluptate
1063 2127 1140 2192 victi

127 2214 250 2280 faciant
267 2213 310 2298 id,
329 2214 414 2315 quod
437 2214 581 2280 sentiant
596 2235 663 2279 non
681 2235 751 2279 esse
773 2212 970 2295 faciendum,
987 2213 1012 2278 ii
1029 2215 1141 2299 volup

127 2307 229 2368 tatem
261 2302 436 2367 maximam
465 2301 686 2386 adipiscuntur
713 2262 999 2387 praetermittenda
1029 2302 1141 2387 volup·

179 2389 362 2455 elidem
394 2391 494 2455 etiam
526 2390 670 2456 dolorem
702 2411 798 2474 saepe
825 2391 1075 2474 perpetiuntur,
1091 2412 1141 2492 ne,

129 2480 156 2544 si
127 2395 219 2544 taffiid
246 2478 702 2563 nonfaciant,incidant1n
725 2479 889 2546 maiorem.
933 2477 1070 2565 Exque
1093 2480 1181 2546 ιιι-ιι

127 2568 295 2652 tellegitur
316 2589 376 2633 nec
398 2529 683 2652 inteinperautiam
706 2571 841 2652 propter
865 2589 899 2633 se
922 2589 993 2634 esse
1015 2567 1140 2653 fugien-

128 2655 202 2720 dam
233 2657 544 2741 temperantiamque
574 2656 799 2758 expetendam,
828 2678 895 2722 non
928 2657 1004 2741 quia
1031 2655 1142 2741 volup·

128 2748 212 2810 tates
235 2743 355 2830 fugiat,
378 2744 433 2810 sed
457 2745 534 2831 quia
556 2746 693 2810 maiores
717 2749 939 2828 consequatur.

194 2832 318 2897 Eadem
349 2832 443 2898 sortit
429 2833 629 2900 tudinisrat
577 2835 661 2899 ιιιιο
687 2832 827 2917 reperiet
827 2855 874 2897 ur
923 2829 1010 2897 Nam
1037 2853 1141 2918 neque

75 2882 278 2987 49taborum
305 2920 463 3006 perfunot
454 2944 485 2987 10
513 2943 617 3007 neque
644 2921 811 3006 perpessio
843 2921 991 2987 dolorum
1019 2941 1077 3004 per
1107 2943 1140 2986 se
1155 2948 1181 2988 eo

128 3011 199 3094 ipsa
227 3010 330 3076 adlicit
360 3032 420 3076 nec
447 3011 605 3096 patientia
630 3032 690 3076 nec
716 3009 889 3076 assiduitas
915 3029 976 3073 nec
1008 3009 1141 3094 vigiliae

128 3120 188 3164 nec
213 3099 299 3184 ipsa,
327 3121 409 3184 quae
436 3099 548 3165 laudat
533 3103 599 3182 t,ur
627 3098 801 3182 industria,
826 3119 867 3162 ne
893 3096 988 3162 fortit
973 3097 1051 3198 tudo
1076 3098 1143 3183 qui·

129 3186 210 3272 dem,
232 3189 289 3254 sed
307 3188 371 3254 ista
391 3189 562 3272 sequimur,
580 3190 617 3252 ut
635 3188 705 3251 sinc
728 3208 804 3252 cura
824 3188 891 3250 met
892 3207 977 3271 uque
994 3185 1142 3252 vivamus

129 3276 338 3362 animumque
375 3279 408 3342 et
445 3296 573 3359 corpus,
613 3278 770 3376 quantum
806 3274 932 3340 efficere
969 3275 1143 3360 possimus,

128 3365 277 3430 molestia
312 3364 495 3429 liberemus
553 3361 599 3428 Ut
636 3363 721 3429 enim
758 3364 874 3429 mortis
911 3367 999 3429 metu
1036 3365 1141 3428 omnis
1156 3391 1181 3432 as

128 3453 255 3537 quietae
287 3452 374 3519 vitae
406 3455 437 3516 st
439 3455 511 3517 atus
543 3454 766 3538 perturbatur,
803 3455 836 3518 et
866 3456 904 3518 ut
936 3452 1142 3518 succumbere

128 3541 296 3608 doloribus
335 3561 452 3626 eosque
492 3539 609 3605 humili
652 3542 760 3608 animo
797 3541 1020 3626 imbecilloque
1057 3540 1142 3605 ferre

78 2804 118 2868 15
