2574 3956
356 185 422 241 ΜΒ.
442 186 475 240 11.
503 147 579 240 esp.
600 191 629 253 r,
648 191 672 240 s.
700 190 856 250 sao-24.
1048 184 1110 248 131

101 347 188 412 modi
220 347 419 431 voluptates,
452 369 523 413 curn
555 350 641 412 esset
676 346 879 431 praesertim,
915 349 952 410 ut
986 347 1033 411 ais
1066 353 1111 430 tu,

17 487 18 490 η
102 458 228 501 summa
269 437 418 520 voluptas
458 435 542 500 nihil
582 434 713 500 dolere?
777 432 877 517 Atqui
913 435 1110 518 reperiemus

16 539 18 550 ²
102 530 212 590 asotos
231 524 371 608 primum
390 525 437 588 ita
454 546 521 588 non
538 524 717 608 religiosos,
735 526 772 586 ut
791 521 892 586 ‘edint
911 522 949 586 de
967 523 1111 607 patella,'

101 612 217 678 deinde
240 614 288 678 ita
310 616 448 677 mortem
470 633 537 676 non
558 612 726 694 timentes,
753 614 790 675 ut
817 609 896 674 illud
919 610 955 674 in
977 631 1032 675 ore
1055 611 1110 676 ha·

74 703 202 766 sbeant
224 723 264 765 ex
286 700 462 784 Hymnide:
502 721 511 744 ‹
583 737 585 742 ·

132 824 229 889 Mihi
252 847 316 889 sex
338 845 489 890 menses
513 824 611 888 setis
636 827 724 887 sunt
747 822 862 904 vitae,
886 815 1087 905 se'ptimun'r

459 910 555 977 Orco
580 911 758 995 spondeo.
809 921 812 928 ’

100 1053 173 1118 lam
201 1053 321 1119 doloris
350 1054 582 1118 medicamenta
609 1052 667 1116 illa
692 1051 852 1135 Epicurea
879 1055 1045 1136 tamquam
1071 1051 1111 1116 dc

100 1142 269 1206 narthecio
297 1146 461 1226 prement:
488 1139 540 1206 ‘Si
567 1141 712 1226 gravis,
735 1139 876 1224 brevis3
905 1140 937 1204 si
959 1139 1111 1225 longus,

60 1253 86 1292 ro
100 1228 222 1295 levis?
267 1229 376 1295 Unum
393 1229 517 1313 nesci0,
540 1251 602 1314 quo
622 1228 718 1293 modo
735 1228 853 1312 possit,
875 1227 904 1292 si
926 1227 1111 1292 luxuriosus

101 1318 160 1402 sit,
182 1318 291 1383 finitas
315 1318 508 1402 cupiditates
530 1317 658 1382 habere.
1129 1355 1149 1419 3

169 1405 254 1482 Quid
286 1426 363 1490 ergo
396 1406 513 1470 attinet
546 1405 661 1470 dicere:
699 1403 803 1468 ‘Nihil
828 1403 994 1486 haberem,
1027 1403 1111 1488 quod
1129 1434 1163 1481 23

99 1494 342 1578 reprenderem,
374 1495 402 1558 si
430 1494 537 1558 finitas
568 1492 759 1577 cupiditates
791 1491 986 1556 haberent'?
1040 1491 1110 1556 Hoc

102 1585 153 1646 est
181 1581 298 1646 dicere:
336 1580 422 1646 ‘Non
444 1581 667 1665 reprenderem
696 1584 819 1662 asotos,
850 1579 879 1643 si
905 1602 972 1644 non
1003 1585 1112 1644 essent

59 1690 87 1730 15
102 1669 209 1734 asoti?
263 1669 331 1734 Isto
364 1670 459 1734 modo
491 1690 531 1733 ne
564 1669 730 1752 improbos
762 1667 902 1751 quidem,
939 1668 968 1730 si
1004 1671 1112 1732 essent

101 1757 181 1823 boni
204 1757 275 1822 viri.
320 1757 382 1821 Hie
409 1758 507 1822 homo
531 1778 660 1822 severus
684 1756 846 1819 luxuriam
870 1755 974 1838 ipsam
997 1776 1054 1838 per
1077 1776 1111 1819 se

101 1844 353 1928 reprendendam
381 1866 446 1910 non
472 1849 575 1929 putat.
624 1843 669 1908 Et
695 1844 839 1927 hercule,
870 1842 1046 1926 Torquate,
1075 1846 1112 1906 ut

101 1955 214 1998 verum
245 1933 427 2018 loquamur,
460 1933 488 1997 si
521 1954 682 1998 summum
713 1932 834 1996 bonum
866 1931 1014 2014 voluptas
1052 1934 1111 2014 est,

101 2021 282 2086 rectissime
300 2042 366 2087 non
384 2025 488 2105 putat.
519 2020 630 2086 Nolim
650 2019 735 2084 enim
753 2019 835 2084 mihi
853 2021 973 2104 fingere
992 2023 1111 2102 asotos,

60 2130 89 2169 so
103 2114 139 2174 ut
161 2109 288 2191 soletis,
312 2109 417 2193 quiin
436 2130 581 2174 mensam
602 2111 746 2191 vomant,
769 2111 802 2172 et
824 2108 936 2192 quide
955 2107 1111 2172 conviviis

102 2196 290 2262 auferentur
321 2197 473 2280 crudique
504 2196 659 2280 postridie
692 2217 726 2260 se
758 2218 869 2284 rursus
901 2195 1112 2282 ingurgitent,

102 2287 158 2369 qui
182 2285 298 2367 solem,
320 2289 357 2350 ut
379 2285 482 2368 aiunt,
505 2306 564 2350 nec
585 2283 781 2349 occidentem
799 2306 952 2367 umquam
975 2283 1113 2348 viderint

102 2394 163 2438 nec
203 2373 373 2451 orientem,
411 2373 466 2457 qui
506 2372 704 2456 consumptis
745 2371 948 2455 patrimoniis
985 2376 1111 2454 egeant.

101 2459 207 2526 Nemo
239 2465 385 2526 nostrum
416 2461 511 2525 istius
543 2461 670 2544 generis
703 2461 813 2524 asotos
850 2458 985 2522 iucunde
1017 2461 1112 2540 putat

61 2568 88 2608 2⁵
104 2550 222 2613 vivere.
266 2547 418 2631 Mundos,
441 2548 616 2633 elegantis,
645 2547 776 2630 optimis
800 2546 899 2629 cocis,
925 2546 1112 2629 pistoribus,

101 2637 243 2721 piscatu,
274 2637 423 2720 aucupio,
455 2637 640 2717 venatione,
674 2634 726 2698 his
754 2633 902 2698 omnibus
935 2633 1112 2719 exquisitis,
1195 2696 1196 2701 ,

101 2724 487 2800 vitantes-cruditatem,
528 2723 678 2808 ‘quibus
720 2723 846 2787 vinum
884 2721 1057 2787 defusum
1094 2744 1111 2787 e

102 2812 216 2897 pleno
241 2812 305 2895 sit,
327 2815 348 2892 †
370 2811 571 2893 hirsizon',
593 2816 630 2874 ut
653 2810 700 2874 ait
720 2809 875 2891 Lucilius,
898 2809 970 2876 ‘oui
991 2810 1111 2874 nihil-

103 2901 187 2964 dum
216 2901 268 2964 sit
294 2899 352 2965 vis
381 2903 418 2964 et
448 2900 622 2964 sacculus
658 2897 895 2983 abstulerit’,
927 2898 1111 2963 adhibentis

63 2987 196 3052 soludos
220 2992 253 3052 et
275 3009 356 3071 quae
381 2990 571 3072 sequuntur,
593 2986 662 3066 illa,
685 2985 800 3070 quibus
820 2985 973 3051 detractis
993 2987 1112 3050 clamat
1216 2998 1218 3002 '

102 3075 262 3160 Epicurus
294 3097 328 3140 se
360 3076 495 3158 nescire,
528 3075 605 3162 quid
635 3074 677 3138 sit
709 3075 842 3156 bonum3
875 3074 981 3139 adsint
1013 3074 1112 3138 etiam
1263 3086 1266 3093 “

102 3163 238 3228 formosi
264 3163 368 3248 pueri,
395 3164 450 3246 qui
477 3162 676 3245 ministrent,
703 3161 897 3245 respondeat
927 3161 978 3226 his
1005 3161 1112 3243 vestis,

104 3255 290 3336 argentum,
327 3248 547 3334 Corinthium,
587 3250 677 3315 locus
722 3250 810 3334 ipse,
854 3248 1033 3314 aedificium
1073 3284 1109 3294 —

102 3339 163 3404 hos
186 3360 263 3423 ergo
287 3341 397 3404 asotos
420 3339 503 3405 bene
527 3338 655 3422 quidem
683 3337 790 3402 vivere
819 3341 875 3402 aut
902 3338 996 3401 beate
1021 3357 1112 3401 num·

63 3451 89 3491 ss
103 3449 200 3513 quam
232 3427 376 3492 dixerim.
432 3426 482 3491 Ex
515 3448 577 3510 quo
610 3425 761 3509 efficitur,
793 3447 859 3492 non
889 3431 927 3489 ut
962 3425 1111 3509 voluptas
1130 3436 1165 3484 ‘24

103 3537 142 3581 ne
174 3515 219 3580 sit
251 3516 413 3599 voluptas,
445 3515 502 3580 sed
533 3517 570 3578 ut
600 3515 750 3596 voluptas
781 3535 846 3578 non
879 3513 922 3578 sit
952 3535 1113 3592 summum

915 3616 952 3670 9*
