2568 3948
159 243 223 306 246
320 245 368 298 DE
387 244 531 298 FINIBUS
550 243 729 298 BONORUM
747 244 794 296 ET
813 243 996 298 MALORUM

106 429 139 477 ne
158 405 326 470 desideret.
374 405 483 490 ⁸Quare
516 427 588 470 cum
620 405 755 470 dicimus
788 406 936 470 omnibus
970 406 1168 470 animalibus

159 501 337 559 extremum
368 515 439 559 esse
476 493 648 559 secundum
679 497 829 558 ιιιιιιιιιιιι
862 494 982 577 vivere,
1016 515 1083 559 nou
1119 495 1169 558 ita

159 583 378 666 accipiendum
405 587 468 665 est,
496 582 589 666 quasi
616 581 760 646 dicamus
788 603 888 646 unum
921 602 991 646 esse
1021 583 1169 646 omnium

159 675 352 751 extremum,
380 670 435 734 sed
466 673 504 734 ιιι
531 671 675 734 οιιιιιιιιιιι
703 671 822 734 artium
849 673 935 734 recte
964 669 1028 734 diui
1057 673 1170 754 potest

159 779 326 824 commune
350 780 432 842 esse,
456 758 549 822 utin
572 757 681 841 aliqua
705 758 840 822 seientia
862 761 1044 841 versentur,
1067 759 1196 827 scien-5

158 849 239 911 tiam
271 849 379 911 autern
406 868 498 912 suam
526 845 678 930 cuiusque
701 845 781 910 artis
810 867 893 928 esse,
922 847 969 911 aio
998 867 1170 910 commune
1275 865 1276 896 ι

159 935 346 1000 animalium
378 935 523 999 omnium
556 934 729 998 secundum
766 937 916 998 naturam
952 934 1073 1016 vivere,
1111 935 1169 998 sed
1275 947 1276 1012 l

158 1027 292 1087 naturas
325 1045 394 1088 esse
426 1023 584 1105 diversas,
616 1027 654 1086 ιιι
685 1021 773 1086 aliud
805 1042 885 1105 equo
918 1023 961 1086 sit
993 1045 1009 1086 e
1041 1026 1169 1106 natura,

159 1111 248 1175 aliud
266 1111 355 1191 bovi,
375 1111 462 1175 aliud
480 1110 615 1194 homini,
638 1113 671 1174 et
688 1114 800 1174 tamen
817 1110 852 1175 in
871 1110 1020 1174 omnibus
1040 1132 1170 1175 summa
1275 1159 1276 1184 t

159 1199 352 1276 communia,
380 1201 412 1262 et
439 1199 569 1282 quidem
594 1220 661 1262 non
683 1199 789 1263 colum
812 1199 846 1263 in
874 1199 1083 1282 animalibuS,
1112 1199 1171 1263 sed
1185 1231 1210 1267 ιι

160 1287 257 1350 etiam
280 1287 315 1348 in
337 1286 433 1350 rebus
456 1287 605 1350 omnibus
632 1287 686 1364 iis,
714 1309 793 1370 quas
816 1291 932 1350 natura
961 1287 1032 1370 alit,
1061 1291 1170 1371 auget,

159 1377 280 1458 tuetur}
302 1375 337 1438 in
360 1373 475 1457 quibus
494 1374 637 1438 videmus
657 1396 708 1458 ea,
732 1395 814 1458 quae
837 1374 1017 1459 gignuntur
1035 1396 1051 1438 e
1070 1378 1170 1459 terra,

160 1463 263 1526 multa
291 1462 430 1544 quodam
457 1462 554 1527 modo
582 1462 707 1526 efficere
734 1463 807 1545 ipsa
839 1462 902 1526 sibi
929 1485 986 1545 per
1011 1485 1057 1545 se,
1085 1485 1170 1547 quae

160 1551 200 1615 ad
227 1551 398 1615 vivendum
426 1550 693 1634 crescendumque
725 1550 867 1633 valeant,
896 1554 933 1614 ut
961 1573 1019 1616 suo
1050 1571 1169 1634 genere

158 1639 348 1722 perveniant
377 1638 417 1702 ad
446 1643 637 1722 extremum3
663 1642 701 1702 ut
727 1638 793 1702 iam
817 1638 914 1702 licoat
936 1659 1000 1702 una
1023 1660 1169 1721 compre·
1185 1670 1210 1708 15

159 1727 314 1792 tensione
342 1729 450 1792 omnia
478 1726 649 1810 complecti
675 1748 741 1790 non
768 1726 1033 1826 dubitantemque
1061 1727 1168 1791 dicere

160 1837 289 1880 omnem
316 1819 465 1880 naturam
494 1837 563 1880 esse
596 1814 802 1897 servatricem
835 1815 885 1878 sui
918 1815 1014 1898 idque
1045 1813 1168 1878 habere

159 1904 308 1987 proposit
309 1926 363 1968 um
387 1903 480 1987 quasi
502 1903 655 1967 finemt
623 1905 655 1966 et
678 1892 869 1984 extremum,
893 1924 927 1966 se
949 1906 986 1966 ut
1005 1902 1170 1967 custodiat

160 2013 256 2092 quarn
287 1993 321 2055 in
353 1991 476 2074 optimo
509 1991 559 2054 sui
591 1991 718 2075 generis
752 1993 852 2073 ιιοιι,
888 1993 925 2055 ιιι
959 2012 1089 2055 necesse
1124 1992 1168 2055 sit
1275 2049 1276 2070 ,

161 2079 305 2144 οιιιιιιιιιιι
334 2100 454 2161 rerum,
487 2100 568 2162 quae
600 2083 718 2142 natura
749 2078 893 2162 vigeant,
867 2079 1064 2142 tsimilern
1097 2100 1168 2142 esse
1184 2111 1211 2149 20

159 2169 269 2249 finem,
298 2188 366 2232 non
389 2167 532 2231 eundern.
577 2167 628 2230 Ex
655 2187 718 2250 quo
745 2129 893 2250 intellegi
919 2166 1027 2234 debet
1042 2166 1169 2231 homini

160 2254 192 2318 id
216 2276 285 2319 esse
307 2254 341 2318 in
364 2255 458 2319 bonis
480 2255 645 2338 ultimum,
672 2254 848 2318 secundum
874 2257 932 2318 nat
932 2276 1024 2318 uram
1051 2255 1170 2337 vivere,

161 2342 245 2427 quod
276 2343 365 2406 ita
355 2345 616 2426 interpretemur:
655 2343 763 2407 vivere
798 2364 837 2406 ex
872 2342 1013 2406 hominis
1050 2347 1169 2406 natura

107 2431 300 2514 orandique
336 2431 479 2514 perfecta
516 2434 548 2495 et
534 2431 662 2496 tnihil
699 2431 890 2514 requirente.
946 2430 1035 2494 Haec
1067 2431 1170 2515 igitur

159 2520 254 2585 nobis
274 2519 463 2603 explicanda
481 2523 564 2602 sunt,
583 2519 684 2585 aed
658 2541 686 2583 ει
705 2519 882 2603 enodatius,
904 2540 963 2584 vos
981 2519 1168 2604 ignoscetia
1183 2550 1210 2588 ιι

160 2608 265 2673 Huius
285 2608 370 2672 enim
394 2611 467 2672 aeta
468 2611 494 2671 1
511 2629 597 2672 nunc
619 2608 699 2671 haec
721 2609 862 2690 primum
880 2607 1018 2671 fortasse
1037 2608 1168 2671 audien·

160 2697 203 2760 tis
236 2696 355 2760 servire
388 2695 653 2760 decennalia
684 2716 830 2778 prorsus,
862 2696 1006 2778 inquam3
1039 2695 1101 2759 etsi
1130 2716 1169 2760 eu

160 2783 301 2867 quidem,
324 2804 404 2867 quae
424 2783 528 2847 adhuc
546 2783 654 2846 dixist
629 2785 670 2866 ιι,
693 2783 840 2866 quamvis
859 2783 899 2848 ad
919 2787 1058 2848 aetatem
1080 2775 1169 2848 recte

160 2875 203 2936 rs
205 2894 223 2936 ο
189 2871 345 2936 tmodo
366 2871 555 2935 dicerentur.

109 3056 150 3120 10
225 3025 384 3133 Exposita
415 3047 529 3131 igitur,
560 3049 679 3134 inquit,
716 3050 943 3114 terminatione
975 3071 1083 3113 rerum
1115 3071 1167 3114 ex·
1183 3079 1210 3118 eo
1275 3049 1276 3076 ³

160 3138 382 3222 petendarum,
406 3158 461 3200 cur
483 3136 548 3200 ista
567 3159 601 3201 se
618 3160 670 3202 res
693 3138 741 3202 ita
763 3137 896 3222 lrabeat,
920 3141 957 3201 ut
976 3137 1057 3220 dixi,
1079 3137 1167 3203 dein-

161 3249 235 3310 ceps
268 3225 551 3290 demonstrandum
584 3230 642 3290 est
697 3226 801 3301 Quam
831 3226 873 3312 ob
905 3247 973 3289 rem
1004 3225 1169 3290 ordiamur

161 3316 201 3379 ab
221 3337 272 3397 eo,
295 3314 379 3398 quod
398 3313 539 3396 primum
557 3315 663 3397 posui,
688 3313 774 3397 quod
792 3314 877 3377 idem
895 3335 1009 3397 reapse
1028 3315 1169 3397 primum

161 3407 223 3485 est,
246 3407 283 3468 ut
305 3403 535 3486 intellegamus
559 3423 653 3465 omne
681 3401 802 3466 animal
830 3424 862 3466 se
889 3404 997 3486 ipsum
1027 3401 1168 3485 diligere.

161 3490 252 3565 Quod
283 3512 476 3575 quamquam
504 3489 739 3554 dubitationem
765 3510 832 3554 non
861 3489 961 3554 habet
991 3487 1055 3573 (est
1082 3490 1169 3554 enirn
1183 3517 1209 3557 aa

160 3577 292 3642 infixum
314 3578 349 3642 in
371 3579 443 3660 ipsa
466 3581 583 3642 natura
606 3577 944 3661 comprehenditurque
971 3577 1037 3640 suis
1066 3577 1170 3642 cuius·
