2564 3950
184 260 250 324 230
346 261 394 315 DE
413 261 557 316 FINIBUS
575 260 755 317 BONORUM
773 262 820 316 ET
839 261 1021 318 MALORUM

178 395 401 505 praeponatur
424 423 505 489 aliis.
550 423 588 489 Id
615 423 695 488 mihi
719 445 871 508 magnum
897 424 1030 488 videtur.
1075 424 1190 508 Itaque

185 510 311 575 dicebat
333 509 406 593 plus
429 511 529 575 tribui
552 511 671 576 divitiis
692 534 711 576 e
729 510 869 595 Zenone,
892 513 947 596 qui
967 533 1020 576 eas
1040 512 1075 576 in
1097 534 1188 595 prae·

183 598 301 681 positis
324 603 471 681 poneret,
495 621 591 682 quem
615 599 656 663 ab
679 599 869 683 Aristotele,
897 600 952 683 qui
974 600 1094 664 bonum
1119 621 1188 664 esse

184 685 313 751 divitias
336 686 505 764 fateretur,
536 687 591 750 sed
612 708 715 770 neque
739 707 893 771 magnum
916 687 1036 752 bonum
1059 691 1092 750 et
1113 709 1189 770 prae

183 775 279 839 rectis
321 774 526 857 honestisque
568 774 834 838 contemnendum
875 796 913 839 ac
951 774 1219 858 despiciendums

183 884 242 927 nec
264 882 459 944 magnopere
478 861 703 944 expetendum,
725 863 918 946 omninoque
936 861 975 925 de
993 862 1065 926 istis
1087 864 1191 926 omni-

183 951 244 1014 bus
266 949 372 1013 verbis
396 971 416 1012 a
439 948 566 1013 Zenone
585 950 719 1013 mutatis
742 949 790 1012 ito
813 948 1014 1033 disputabat,
1038 954 1083 1033 et,
1107 972 1190 1034 quae

183 1039 268 1102 bone
294 1040 489 1120 negarentur
517 1057 586 1102 csse
614 1038 655 1101 ab
685 1058 723 1102 eo
751 1040 783 1100 et
813 1059 895 1121 quoe
917 1038 1016 1122 malo,
1043 1037 1103 1101 illa
1125 1027 1190 1102 lae‘-

183 1125 320 1189 tioribus
351 1124 537 1188 nominibus
570 1124 725 1207 appellari
759 1125 800 1188 ab
835 1145 872 1188 eo
904 1147 1001 1208 quarn
1034 1126 1190 1208 a‘nobis,

183 1213 262 1275 haec
283 1210 492 1275 tristioribus,
534 1209 610 1275 Piso
633 1212 734 1296 igitur
756 1211 818 1276 hoc
841 1213 950 1296 modo,
973 1213 1023 1276 vir
1046 1213 1189 1294 optimus
1205 1240 1232 1278 ιο

183 1300 308 1382 tuique,
335 1302 372 1362 ut
400 1297 476 1381 scis,
503 1298 754 1363 amantissimus.
803 1297 872 1363 Nos
900 1299 1012 1382 paucis
1041 1299 1081 1362 ad
1108 1299 1189 1364 haec

184 1386 301 1450 additis
328 1386 424 1450 finem
450 1384 607 1449 faciamus
637 1386 822 1469 aliquanda
854 1386 987 1471 longum
1020 1390 1070 1450 est
1101 1388 1188 1451 enim

155 1474 225 1582 7ud
249 1473 358 1538 omnia
379 1473 585 1558 respondere,
608 1494 689 1556 quae
713 1495 733 1538 a
755 1477 788 1537 te
811 1473 1003 1538 dictasunt

130 1598 165 1646 ‘14
248 1561 334 1626 Nam
367 1583 405 1626 ex
437 1561 555 1626 eisdem
587 1561 758 1625 verborum
793 1561 979 1645 praestigiis
1017 1565 1050 1626 et
1085 1581 1189 1645 regna
1239 1582 1243 1590 ·

181 1654 261 1715 nata
282 1649 375 1714 vobis
399 1652 529 1714 suntet
550 1650 740 1732 imperia-et
762 1647 905 1732 diuitiae,
929 1653 962 1712 et
983 1652 1094 1714 tantae
1118 1651 1230 1733 qui-15

183 1739 268 1822 dem,
295 1740 332 1802 ut
358 1737 480 1820 omnia,
507 1758 588 1821 quae
615 1736 733 1820 ubique
762 1737 840 1818 sint,
868 1737 1023 1819 sapientis
1047 1757 1117 1800 esse
1142 1737 1188 1800 di·

182 1827 273 1891 catis.
327 1824 437 1891 Solum
473 1827 639 1907 praeterea
674 1824 863 1907 formosum,
903 1824 1008 1888 solum
1040 1823 1189 1907 liberum,

183 1914 287 1978 solnm
311 1913 425 1994 civem3
447 1913 553 1978 attritos
575 1912 683 1978 omnia
707 1911 883 1993 contraria,
914 1933 994 1996 quos
1018 1912 1118 1975 etiam
1141 1912 1188 1975 in-

182 2023 278 2066 sanos
301 2021 371 2062 esse
393 2000 501 2064 vultis.
545 1998 633 2064 Haec
655 1995 826 2083 παράδοξα
849 1998 910 2081 1111,
937 2021 998 2064 nos
1021 1998 1189 2063 admira·

182 2088 280 2152 bilia
301 2086 454 2151 dicamus.
490 2087 575 2162 Quid
593 2091 702 2152 eutem
721 2086 841 2151 habent
860 2085 1091 2170 admirationis,
1114 2108 1188 2152 cum
1202 2113 1228 2153 ac

181 2195 282 2259 prope
319 2173 513 2239 accesseris?
575 2171 747 2240 Conferam
781 2177 904 2258 tecum,
940 2195 1037 2258 quam
1074 2174 1188 2258 cuique
1275 2231 1276 2235 ,

182 2263 280 2326 verbo
308 2283 375 2326 rem
403 2261 555 2346 subicias3
582 2262 672 2326 nulle
700 2262 762 2326 erit
791 2262 1020 2326 controversia.
1070 2260 1189 2326 Omnia

181 2353 314 2435 peccata
332 2349 423 2433 paria
440 2349 555 2414 dicitis.
599 2349 675 2414 Non
694 2369 754 2433 ego
772 2353 879 2414 tecum
897 2349 964 2413 iam
982 2350 1030 2414 ita
1046 2349 1189 2432 iocabor‚

181 2441 218 2504 ut
240 2438 340 2504 isdem
365 2437 417 2502 his
440 2437 478 2501 de
497 2437 607 2521 rebus,
630 2458 702 2501 cum
721 2437 756 2502 L.
774 2435 941 2501 Murenam
964 2441 996 2501 te
1015 2441 1188 2502 accusante
1274 2451 1275 2474 ³

181 2526 391 2591 defenderem.
429 2525 525 2609 Apud
548 2525 716 2609 imperitos
738 2528 808 2588 tum
830 2524 888 2588 illa
910 2524 996 2590 dicta
1019 2527 1102 2602 sunt,
1125 2524 1187 2587 ali·
1203 2551 1227 2591 ao

8 2681 11 2686 ,
182 2614 258 2697 quid
290 2615 389 2678 etiam
415 2634 551 2678 coronae
579 2613 703 2696 datum3
734 2632 818 2676 nnnc
845 2612 1004 2697 agendum
1036 2616 1087 2676 est
1114 2612 1188 2676 sub·

111 2700 282 2770 Ι75111118.
335 2701 473 2765 Peccata
504 2701 604 2784 peria.
633 2720 679 2746 -’
702 2699 849 2775 Quonam
882 2700 1000 2764 modo?
1030 2737 1073 2745 -
1104 2698 1189 2774 Quia
1273 2717 1274 2778 t

182 2810 241 2854 nec
263 2788 400 2852 honesto
424 2787 594 2872 quicquam
618 2787 786 2852 honestius
805 2809 864 2852 nec
881 2788 968 2870 turpi
990 2787 1125 2870 turpius.
1144 2823 1188 2834 —-
1273 2783 1274 2799 ¹

182 2876 285 2960 Perge
308 2896 421 2959 porr03
447 2897 523 2938 nam
546 2875 584 2940 de
606 2876 671 2941 isto
695 2895 814 2960 magna
840 2875 998 2940 dissensio
1022 2879 1079 2939 est
1124 2873 1188 2938 Illa

184 2964 374 3049 argumenta
400 2963 531 3046 propria
562 2962 740 3045 videamus,
771 2983 827 3026 cur
859 2963 968 3028 omnia
999 2963 1065 3028 sint
1095 2962 1188 3045 paria
1201 2987 1226 3028 so
1272 3003 1273 3052 p

182 3054 324 3136 peccata.
346 3087 391 3096 -
413 3050 472 3134 Ut,
502 3051 619 3134 inquit,
647 3052 681 3116 in
707 3050 823 3114 fidibus
853 3050 1014 3132 pluribus,
1043 3051 1071 3114 si
1097 3048 1188 3114 nulla
1272 3053 1273 3081 ¹

183 3161 293 3204 earum
320 3138 367 3203 ita
394 3141 545 3203 contente
571 3139 678 3202 nervis
707 3138 762 3220 sit,
789 3139 826 3202 ut
849 3141 1038 3202 concentum
1060 3157 1188 3200 servare

182 3227 300 3310 possit,
333 3248 443 3291 omnes
476 3246 576 3310 aeque
607 3226 812 3290 incontentae
847 3224 928 3307 sint,
965 3225 1011 3288 sic
1046 3227 1188 3308 peccata,
1271 3293 1272 3300 χ

183 3316 259 3397 quia
286 3314 480 3399 discrepant,
510 3334 609 3397 seque
637 3313 830 3397 discrepant3
857 3312 949 3396 paria
977 3316 1052 3376 sunt
1078 3311 1187 3394 igitur.
1271 3311 1272 3365 i

185 3438 224 3448 -
262 3400 325 3465 Hic
361 3402 512 3486 ambiguo
549 3400 697 3463 ludimur.
756 3399 865 3483 Aeque
903 3399 989 3463 enim
1025 3398 1225 3482 contingitur

184 3489 333 3553 omnibus
360 3489 491 3571 fidibus,
518 3489 555 3550 ut
581 3486 787 3551 incontentae
814 3487 893 3570 sint,
920 3486 1002 3551 illud
1023 3508 1091 3551 non
1113 3507 1187 3550 con·
1270 3493 1271 3514 ³

183 3574 296 3658 tinuo,'
313 3579 350 3639 ut
377 3596 476 3658 aeque
504 3574 717 3637 incontentae.
767 3571 908 3638 Collatio
935 3573 1037 3658 igitur
1063 3575 1128 3638 ista
1155 3577 1187 3637 tc
