<?xml version="1.0" encoding="UTF-8"?>
<!DOCTYPE html PUBLIC "-//W3C//DTD XHTML 1.0 Transitional//EN"
    "http://www.w3.org/TR/xhtml1/DTD/xhtml1-transitional.dtd">
<html xmlns="http://www.w3.org/1999/xhtml" xml:lang="en" lang="en">
 <head>
  <title>
</title>
<meta http-equiv="Content-Type" content="text/html;charset=utf-8" />
  <meta name='ocr-system' content='tesseract 3.04.00' />
  <meta name='ocr-capabilities' content='ocr_page ocr_carea ocr_par ocr_line ocrx_word'/>
</head>
<body>
  <div class='ocr_page' id='page_1' title='image "./scriptaquaemans00unkngoog_0074.png"; bbox 0 0 2470 3962; ppageno 0'>
   <div class='ocr_carea' id='block_1_1' title="bbox 123 129 1088 206">
    <p class='ocr_par' dir='ltr' id='par_1_1' title="bbox 123 129 1088 206">
     <span class='ocr_line' id='line_1_1' title="bbox 123 129 1088 206; baseline 0.003 -24"><span class='ocrx_word' id='word_1_1' title='bbox 123 193 130 206; x_wconf 28' lang='grc' dir='ltr'>ι</span> <span class='ocrx_word' id='word_1_2' title='bbox 152 129 450 184; x_wconf 79' lang='lat' dir='ltr'>ACADEMIGORUM</span> <span class='ocrx_word' id='word_1_3' title='bbox 465 129 630 186; x_wconf 76' lang='lat' dir='ltr'><strong>PRIORUM</strong></span> <span class='ocrx_word' id='word_1_4' title='bbox 644 130 712 187; x_wconf 87' lang='lat' dir='ltr'><strong>LIB.</strong></span> <span class='ocrx_word' id='word_1_5' title='bbox 727 131 761 184; x_wconf 90' lang='lat'>11.</span> <span class='ocrx_word' id='word_1_6' title='bbox 781 129 856 187; x_wconf 84' lang='lat' dir='ltr'>CAP.</span> <span class='ocrx_word' id='word_1_7' title='bbox 873 139 896 186; x_wconf 91' lang='lat'>1.</span> <span class='ocrx_word' id='word_1_8' title='bbox 915 137 966 200; x_wconf 66' lang='lat'>51,</span> <span class='ocrx_word' id='word_1_9' title='bbox 976 137 1001 188; x_wconf 77' lang='lat'>2.</span> <span class='ocrx_word' id='word_1_10' title='bbox 1047 129 1088 194; x_wconf 78' lang='grc'>21</span> 
     </span>
    </p>
   </div>
   <div class='ocr_carea' id='block_1_2' title="bbox 82 288 1174 1984">
    <p class='ocr_par' dir='ltr' id='par_1_2' title="bbox 82 288 1174 1984">
     <span class='ocr_line' id='line_1_2' title="bbox 83 288 1091 372; baseline 0 -28"><span class='ocrx_word' id='word_1_11' title='bbox 83 289 114 344; x_wconf 81' lang='lat' dir='ltr'>ad</span> <span class='ocrx_word' id='word_1_12' title='bbox 131 288 220 370; x_wconf 78' lang='lat' dir='ltr'>animi</span> <span class='ocrx_word' id='word_1_13' title='bbox 233 290 388 370; x_wconf 80' lang='lat' dir='ltr'>adsensum</span> <span class='ocrx_word' id='word_1_14' title='bbox 400 289 472 344; x_wconf 90' lang='lat' dir='ltr'>nibil</span> <span class='ocrx_word' id='word_1_15' title='bbox 485 289 621 371; x_wconf 81' lang='lat' dir='ltr'>interesse</span> <span class='ocrx_word' id='word_1_16' title='bbox 634 291 667 358; x_wconf 91' lang='lat' dir='ltr'>(c.</span> <span class='ocrx_word' id='word_1_17' title='bbox 682 292 814 360; x_wconf 74' lang='lat' dir='ltr'>at-ae).</span> <span class='ocrx_word' id='word_1_18' title='bbox 842 289 940 358; x_wconf 82' lang='lat' dir='ltr'>Neque</span> <span class='ocrx_word' id='word_1_19' title='bbox 948 288 1091 372; x_wconf 36' lang='lat' dir='ltr'>,rationem</span> 
     </span>
     <span class='ocr_line' id='line_1_3' title="bbox 82 360 1090 512; baseline 0.003 -30"><span class='ocrx_word' id='word_1_20' title='bbox 82 360 623 500; x_wconf 52' lang='lat' dir='ltr'>ibiqutiiiladialuiffnssimii⁰¹</span> <span class='ocrx_word' id='word_1_21' title='bbox 640 360 1090 512; x_wconf 47' lang='lat' dir='ltr'>littidum„astitit&amp;</span> 
     </span>
     <span class='ocr_line' id='line_1_4' title="bbox 82 499 1090 571; baseline 0.001 -17"><span class='ocrx_word' id='word_1_22' title='bbox 82 502 161 554; x_wconf 87' lang='lat' dir='ltr'>rebus</span> <span class='ocrx_word' id='word_1_23' title='bbox 181 501 362 571; x_wconf 85' lang='lat' dir='ltr'>geometricis</span> <span class='ocrx_word' id='word_1_24' title='bbox 380 501 517 569; x_wconf 87' lang='lat' dir='ltr'>iudicare,</span> <span class='ocrx_word' id='word_1_25' title='bbox 538 501 593 555; x_wconf 90' lang='lat' dir='ltr'>nisi</span> <span class='ocrx_word' id='word_1_26' title='bbox 610 501 811 570; x_wconf 72' lang='lat' dir='ltr'>geometricam</span> <span class='ocrx_word' id='word_1_27' title='bbox 829 499 971 568; x_wconf 81' lang='lat' dir='ltr'>didicerit,</span> <span class='ocrx_word' id='word_1_28' title='bbox 990 501 1090 556; x_wconf 87' lang='lat' dir='ltr'>deiude</span> 
     </span>
     <span class='ocr_line' id='line_1_5' title="bbox 82 571 1091 642; baseline 0.001 -17"><span class='ocrx_word' id='word_1_29' title='bbox 82 587 136 626; x_wconf 88' lang='lat' dir='ltr'>uon</span> <span class='ocrx_word' id='word_1_30' title='bbox 152 587 238 640; x_wconf 88' lang='lat' dir='ltr'>posse</span> <span class='ocrx_word' id='word_1_31' title='bbox 262 573 372 628; x_wconf 89' lang='lat' dir='ltr'>solvere</span> <span class='ocrx_word' id='word_1_32' title='bbox 395 571 509 641; x_wconf 81' lang='lat' dir='ltr'>soritae,</span> <span class='ocrx_word' id='word_1_33' title='bbox 531 573 683 642; x_wconf 86' lang='lat' dir='ltr'>propterea</span> <span class='ocrx_word' id='word_1_34' title='bbox 705 571 781 639; x_wconf 90' lang='lat' dir='ltr'>quod</span> <span class='ocrx_word' id='word_1_35' title='bbox 801 573 903 626; x_wconf 84' lang='lat' dir='ltr'>natura</span> <span class='ocrx_word' id='word_1_36' title='bbox 923 571 1005 626; x_wconf 88' lang='lat' dir='ltr'>nobis</span> <span class='ocrx_word' id='word_1_37' title='bbox 1028 587 1091 626; x_wconf 84' lang='lat' dir='ltr'>eam</span> 
     </span>
     <span class='ocr_line' id='line_1_6' title="bbox 84 641 1090 714; baseline -0.003 -17"><span class='ocrx_word' id='word_1_38' title='bbox 84 641 273 712; x_wconf 82' lang='lat' dir='ltr'>cognitionem</span> <span class='ocrx_word' id='word_1_39' title='bbox 286 642 410 714; x_wconf 83' lang='lat' dir='ltr'>negarit,</span> <span class='ocrx_word' id='word_1_40' title='bbox 424 644 456 697; x_wconf 92' lang='lat' dir='ltr'>ut</span> <span class='ocrx_word' id='word_1_41' title='bbox 469 642 554 696; x_wconf 87' lang='lat' dir='ltr'>ullius</span> <span class='ocrx_word' id='word_1_42' title='bbox 568 641 609 696; x_wconf 87' lang='lat' dir='ltr'>rei</span> <span class='ocrx_word' id='word_1_43' title='bbox 622 642 690 696; x_wconf 85' lang='lat' dir='ltr'>fines</span> <span class='ocrx_word' id='word_1_44' title='bbox 705 643 827 696; x_wconf 87' lang='lat' dir='ltr'>statuere</span> <span class='ocrx_word' id='word_1_45' title='bbox 840 641 991 711; x_wconf 88' lang='lat' dir='ltr'>possimus,</span> <span class='ocrx_word' id='word_1_46' title='bbox 1005 641 1090 710; x_wconf 92' lang='lat' dir='ltr'>idque</span> 
     </span>
     <span class='ocr_line' id='line_1_7' title="bbox 82 711 1174 782; baseline 0 -16"><span class='ocrx_word' id='word_1_47' title='bbox 82 729 183 782; x_wconf 84' lang='lat' dir='ltr'>magno</span> <span class='ocrx_word' id='word_1_48' title='bbox 197 716 366 782; x_wconf 84' lang='lat' dir='ltr'>argumento</span> <span class='ocrx_word' id='word_1_49' title='bbox 382 730 442 768; x_wconf 85' lang='lat' dir='ltr'>esse</span> <span class='ocrx_word' id='word_1_50' title='bbox 459 713 562 768; x_wconf 88' lang='lat' dir='ltr'>falsam</span> <span class='ocrx_word' id='word_1_51' title='bbox 576 715 637 766; x_wconf 85' lang='lat' dir='ltr'>esse</span> <span class='ocrx_word' id='word_1_52' title='bbox 655 711 735 767; x_wconf 86' lang='lat' dir='ltr'>illam</span> <span class='ocrx_word' id='word_1_53' title='bbox 754 712 957 779; x_wconf 88' lang='lat' dir='ltr'>definitionem,</span> <span class='ocrx_word' id='word_1_54' title='bbox 976 711 1092 766; x_wconf 87' lang='lat' dir='ltr'>effatum</span> <span class='ocrx_word' id='word_1_55' title='bbox 1171 713 1174 722; x_wconf 89' lang='grc'><strong>“</strong></span> 
     </span>
     <span class='ocr_line' id='line_1_8' title="bbox 83 781 1091 852; baseline -0.001 -16"><span class='ocrx_word' id='word_1_56' title='bbox 83 800 139 837; x_wconf 86' lang='lat' dir='ltr'>esse</span> <span class='ocrx_word' id='word_1_57' title='bbox 162 783 207 852; x_wconf 87' lang='lat' dir='ltr'>id,</span> <span class='ocrx_word' id='word_1_58' title='bbox 232 785 307 852; x_wconf 88' lang='lat' dir='ltr'>quod</span> <span class='ocrx_word' id='word_1_59' title='bbox 330 786 380 838; x_wconf 90' lang='lat' dir='ltr'>aut</span> <span class='ocrx_word' id='word_1_60' title='bbox 402 801 499 839; x_wconf 80' lang='lat' dir='ltr'>verum</span> <span class='ocrx_word' id='word_1_61' title='bbox 524 785 573 837; x_wconf 87' lang='lat' dir='ltr'>aut</span> <span class='ocrx_word' id='word_1_62' title='bbox 594 783 696 838; x_wconf 77' lang='lat' dir='ltr'>falsum</span> <span class='ocrx_word' id='word_1_63' title='bbox 719 781 756 836; x_wconf 90' lang='lat' dir='ltr'>sit</span> <span class='ocrx_word' id='word_1_64' title='bbox 779 786 812 851; x_wconf 82' lang='lat' dir='ltr'>(c.</span> <span class='ocrx_word' id='word_1_65' title='bbox 838 787 969 852; x_wconf 78' lang='lat'>28—30).</span> <span class='ocrx_word' id='word_1_66' title='bbox 1011 781 1091 848; x_wconf 78' lang='lat' dir='ltr'>Quod</span> 
     </span>
     <span class='ocr_line' id='line_1_9' title="bbox 84 853 1091 924; baseline 0.001 -17"><span class='ocrx_word' id='word_1_67' title='bbox 84 855 194 908; x_wconf 84' lang='lat' dir='ltr'>sublata</span> <span class='ocrx_word' id='word_1_68' title='bbox 231 855 426 924; x_wconf 69' lang='lat' dir='ltr'>perceptione,</span> <span class='ocrx_word' id='word_1_69' title='bbox 463 854 591 923; x_wconf 86' lang='lat' dir='ltr'>quamvis</span> <span class='ocrx_word' id='word_1_70' title='bbox 622 853 721 908; x_wconf 77' lang='lat' dir='ltr'>reficta</span> <span class='ocrx_word' id='word_1_71' title='bbox 753 853 967 923; x_wconf 67' lang='lat' dir='ltr'>probabilitate,</span> <span class='ocrx_word' id='word_1_72' title='bbox 1002 854 1091 908; x_wconf 85' lang='lat' dir='ltr'>vitam</span> 
     </span>
     <span class='ocr_line' id='line_1_10' title="bbox 84 924 1091 994; baseline -0.001 -15"><span class='ocrx_word' id='word_1_73' title='bbox 84 941 207 993; x_wconf 89' lang='lat' dir='ltr'>omnem,</span> <span class='ocrx_word' id='word_1_74' title='bbox 237 941 363 994; x_wconf 87' lang='lat' dir='ltr'>sensum,</span> <span class='ocrx_word' id='word_1_75' title='bbox 387 925 562 991; x_wconf 81' lang='lat' dir='ltr'>memoriam,</span> <span class='ocrx_word' id='word_1_76' title='bbox 591 926 682 978; x_wconf 85' lang='lat' dir='ltr'>artem</span> <span class='ocrx_word' id='word_1_77' title='bbox 709 925 761 978; x_wconf 88' lang='lat' dir='ltr'>etc.</span> <span class='ocrx_word' id='word_1_78' title='bbox 790 925 854 978; x_wconf 93' lang='lat' dir='ltr'>tolli</span> <span class='ocrx_word' id='word_1_79' title='bbox 880 925 973 994; x_wconf 87' lang='lat' dir='ltr'>putet,</span> <span class='ocrx_word' id='word_1_80' title='bbox 999 924 1030 978; x_wconf 84' lang='lat' dir='ltr'>iu</span> <span class='ocrx_word' id='word_1_81' title='bbox 1057 940 1091 980; x_wconf 89' lang='lat' dir='ltr'>eo</span> 
     </span>
     <span class='ocr_line' id='line_1_11' title="bbox 84 993 1091 1066; baseline 0.001 -19"><span class='ocrx_word' id='word_1_82' title='bbox 84 993 167 1050; x_wconf 78' lang='lat' dir='ltr'>valde</span> <span class='ocrx_word' id='word_1_83' title='bbox 188 1011 291 1051; x_wconf 87' lang='lat' dir='ltr'>errare.</span> <span class='ocrx_word' id='word_1_84' title='bbox 332 997 406 1053; x_wconf 84' lang='lat' dir='ltr'>Nam</span> <span class='ocrx_word' id='word_1_85' title='bbox 427 995 458 1052; x_wconf 88' lang='lat' dir='ltr'>in</span> <span class='ocrx_word' id='word_1_86' title='bbox 479 995 619 1066; x_wconf 83' lang='lat' dir='ltr'>plerisque</span> <span class='ocrx_word' id='word_1_87' title='bbox 643 995 811 1062; x_wconf 87' lang='lat' dir='ltr'>actionibus,</span> <span class='ocrx_word' id='word_1_88' title='bbox 833 996 880 1049; x_wconf 88' lang='lat' dir='ltr'>vel</span> <span class='ocrx_word' id='word_1_89' title='bbox 904 993 1004 1052; x_wconf 84' lang='lat' dir='ltr'>Stoicis</span> <span class='ocrx_word' id='word_1_90' title='bbox 1028 1011 1091 1048; x_wconf 87' lang='lat' dir='ltr'>con-</span> 
     </span>
     <span class='ocr_line' id='line_1_12' title="bbox 84 1064 1091 1136; baseline 0 -18"><span class='ocrx_word' id='word_1_91' title='bbox 84 1065 275 1135; x_wconf 83' lang='lat' dir='ltr'>sentientibus,</span> <span class='ocrx_word' id='word_1_92' title='bbox 289 1069 432 1135; x_wconf 86' lang='lat' dir='ltr'>tamquam</span> <span class='ocrx_word' id='word_1_93' title='bbox 446 1067 475 1120; x_wconf 91' lang='lat' dir='ltr'>in</span> <span class='ocrx_word' id='word_1_94' title='bbox 488 1065 648 1136; x_wconf 83' lang='lat' dir='ltr'>navigando</span> <span class='ocrx_word' id='word_1_95' title='bbox 662 1065 861 1135; x_wconf 85' lang='lat' dir='ltr'>probabilitate</span> <span class='ocrx_word' id='word_1_96' title='bbox 874 1064 1003 1120; x_wconf 88' lang='lat' dir='ltr'>homines</span> <span class='ocrx_word' id='word_1_97' title='bbox 1018 1065 1091 1133; x_wconf 90' lang='lat' dir='ltr'>duci,</span> 
     </span>
     <span class='ocr_line' id='line_1_13' title="bbox 85 1135 1092 1206; baseline -0.001 -16"><span class='ocrx_word' id='word_1_98' title='bbox 85 1153 200 1206; x_wconf 89' lang='lat' dir='ltr'>eamque</span> <span class='ocrx_word' id='word_1_99' title='bbox 214 1137 251 1190; x_wconf 93' lang='lat' dir='ltr'>ad</span> <span class='ocrx_word' id='word_1_100' title='bbox 265 1137 388 1192; x_wconf 73' lang='lat' dir='ltr'>actiones</span> <span class='ocrx_word' id='word_1_101' title='bbox 402 1137 540 1202; x_wconf 87' lang='lat' dir='ltr'>sufficere,</span> <span class='ocrx_word' id='word_1_102' title='bbox 560 1136 658 1190; x_wconf 90' lang='lat' dir='ltr'>eadem</span> <span class='ocrx_word' id='word_1_103' title='bbox 672 1135 775 1190; x_wconf 87' lang='lat' dir='ltr'>sentire</span> <span class='ocrx_word' id='word_1_104' title='bbox 789 1137 1001 1206; x_wconf 82' lang='lat' dir='ltr'>Academicum,</span> <span class='ocrx_word' id='word_1_105' title='bbox 1020 1151 1092 1206; x_wconf 90' lang='lat' dir='ltr'>quae</span> 
     </span>
     <span class='ocr_line' id='line_1_14' title="bbox 85 1206 1091 1277; baseline 0.002 -17"><span class='ocrx_word' id='word_1_106' title='bbox 85 1206 222 1274; x_wconf 82' lang='lat' dir='ltr'>Stoicum,</span> <span class='ocrx_word' id='word_1_107' title='bbox 244 1207 316 1261; x_wconf 87' lang='lat' dir='ltr'>nibil</span> <span class='ocrx_word' id='word_1_108' title='bbox 343 1207 458 1277; x_wconf 87' lang='lat' dir='ltr'>mutari,</span> <span class='ocrx_word' id='word_1_109' title='bbox 472 1207 590 1266; x_wconf 79' lang='lat' dir='ltr'>,iudicio</span> <span class='ocrx_word' id='word_1_110' title='bbox 614 1207 724 1261; x_wconf 86' lang='lat' dir='ltr'>tautum</span> <span class='ocrx_word' id='word_1_111' title='bbox 750 1209 898 1275; x_wconf 84' lang='lat' dir='ltr'>utrumque</span> <span class='ocrx_word' id='word_1_112' title='bbox 924 1206 1091 1277; x_wconf 83' lang='lat' dir='ltr'>discrepare,</span> 
     </span>
     <span class='ocr_line' id='line_1_15' title="bbox 85 1276 1092 1348; baseline 0.002 -18"><span class='ocrx_word' id='word_1_113' title='bbox 85 1277 158 1345; x_wconf 91' lang='lat' dir='ltr'>quod</span> <span class='ocrx_word' id='word_1_114' title='bbox 189 1277 229 1332; x_wconf 89' lang='lat' dir='ltr'>ad</span> <span class='ocrx_word' id='word_1_115' title='bbox 255 1279 331 1348; x_wconf 78' lang='lat' dir='ltr'>ipsos</span> <span class='ocrx_word' id='word_1_116' title='bbox 359 1295 454 1334; x_wconf 84' lang='lat' dir='ltr'>seusus</span> <span class='ocrx_word' id='word_1_117' title='bbox 481 1278 589 1332; x_wconf 88' lang='lat' dir='ltr'>nullam</span> <span class='ocrx_word' id='word_1_118' title='bbox 614 1276 673 1331; x_wconf 83' lang='lat' dir='ltr'>vim</span> <span class='ocrx_word' id='word_1_119' title='bbox 700 1277 817 1343; x_wconf 81' lang='lat' dir='ltr'>habeat;</span> <span class='ocrx_word' id='word_1_120' title='bbox 843 1277 979 1337; x_wconf 81' lang='lat' dir='ltr'>memoria</span> <span class='ocrx_word' id='word_1_121' title='bbox 1006 1277 1092 1332; x_wconf 86' lang='lat' dir='ltr'>etiam</span> 
     </span>
     <span class='ocr_line' id='line_1_16' title="bbox 85 1347 1093 1418; baseline 0 -16"><span class='ocrx_word' id='word_1_122' title='bbox 85 1364 203 1416; x_wconf 83' lang='lat' dir='ltr'>errores,</span> <span class='ocrx_word' id='word_1_123' title='bbox 230 1365 288 1406; x_wconf 88' lang='lat' dir='ltr'>non</span> <span class='ocrx_word' id='word_1_124' title='bbox 314 1351 424 1404; x_wconf 86' lang='lat' dir='ltr'>tautum</span> <span class='ocrx_word' id='word_1_125' title='bbox 450 1349 652 1418; x_wconf 87' lang='lat' dir='ltr'>comprehensa</span> <span class='ocrx_word' id='word_1_126' title='bbox 678 1347 780 1415; x_wconf 81' lang='lat' dir='ltr'>teneri,</span> <span class='ocrx_word' id='word_1_127' title='bbox 807 1348 836 1403; x_wconf 92' lang='lat' dir='ltr'>in</span> <span class='ocrx_word' id='word_1_128' title='bbox 863 1349 970 1403; x_wconf 89' lang='lat' dir='ltr'>artibus</span> <span class='ocrx_word' id='word_1_129' title='bbox 997 1351 1093 1404; x_wconf 88' lang='lat' dir='ltr'>autem</span> 
     </span>
     <span class='ocr_line' id='line_1_17' title="bbox 84 1417 1092 1489; baseline 0 -17"><span class='ocrx_word' id='word_1_130' title='bbox 84 1418 224 1488; x_wconf 89' lang='lat' dir='ltr'>plerisque</span> <span class='ocrx_word' id='word_1_131' title='bbox 251 1436 301 1476; x_wconf 89' lang='lat' dir='ltr'>nos</span> <span class='ocrx_word' id='word_1_132' title='bbox 328 1419 529 1489; x_wconf 86' lang='lat' dir='ltr'>probabilitate</span> <span class='ocrx_word' id='word_1_133' title='bbox 561 1418 638 1486; x_wconf 89' lang='lat' dir='ltr'>duci,</span> <span class='ocrx_word' id='word_1_134' title='bbox 669 1417 741 1472; x_wconf 90' lang='lat' dir='ltr'>nihil</span> <span class='ocrx_word' id='word_1_135' title='bbox 767 1418 914 1473; x_wconf 88' lang='lat' dir='ltr'>dialectica</span> <span class='ocrx_word' id='word_1_136' title='bbox 938 1435 1008 1488; x_wconf 88' lang='lat' dir='ltr'>opus</span> <span class='ocrx_word' id='word_1_137' title='bbox 1032 1435 1092 1474; x_wconf 84' lang='lat' dir='ltr'>esee</span> 
     </span>
     <span class='ocr_line' id='line_1_18' title="bbox 86 1488 1093 1559; baseline -0.001 -16"><span class='ocrx_word' id='word_1_138' title='bbox 86 1493 116 1555; x_wconf 92' lang='lat' dir='ltr'>(c.</span> <span class='ocrx_word' id='word_1_139' title='bbox 136 1493 272 1558; x_wconf 78' lang='lat'>30-34).</span> <span class='ocrx_word' id='word_1_140' title='bbox 309 1491 406 1559; x_wconf 85' lang='lat' dir='ltr'>Neque</span> <span class='ocrx_word' id='word_1_141' title='bbox 424 1506 490 1545; x_wconf 86' lang='lat' dir='ltr'>vero</span> <span class='ocrx_word' id='word_1_142' title='bbox 510 1506 544 1544; x_wconf 85' lang='lat' dir='ltr'>ex</span> <span class='ocrx_word' id='word_1_143' title='bbox 561 1488 694 1542; x_wconf 83' lang='lat' dir='ltr'>Antiochi</span> <span class='ocrx_word' id='word_1_144' title='bbox 713 1491 807 1543; x_wconf 88' lang='lat' dir='ltr'>mente</span> <span class='ocrx_word' id='word_1_145' title='bbox 826 1505 889 1544; x_wconf 90' lang='lat' dir='ltr'>eum</span> <span class='ocrx_word' id='word_1_146' title='bbox 906 1489 1093 1559; x_wconf 79' lang='lat' dir='ltr'>repugnantia</span> 
     </span>
     <span class='ocr_line' id='line_1_19' title="bbox 85 1559 1093 1629; baseline 0 -16"><span class='ocrx_word' id='word_1_147' title='bbox 85 1559 190 1626; x_wconf 88' lang='lat' dir='ltr'>dicere,</span> <span class='ocrx_word' id='word_1_148' title='bbox 211 1561 260 1629; x_wconf 87' lang='lat' dir='ltr'>qui</span> <span class='ocrx_word' id='word_1_149' title='bbox 276 1559 339 1616; x_wconf 85' lang='lat' dir='ltr'>visa</span> <span class='ocrx_word' id='word_1_150' title='bbox 357 1561 494 1618; x_wconf 87' lang='lat' dir='ltr'>concedat</span> <span class='ocrx_word' id='word_1_151' title='bbox 511 1562 561 1614; x_wconf 88' lang='lat' dir='ltr'>aut</span> <span class='ocrx_word' id='word_1_152' title='bbox 578 1577 646 1615; x_wconf 85' lang='lat' dir='ltr'>vera</span> <span class='ocrx_word' id='word_1_153' title='bbox 663 1575 723 1614; x_wconf 88' lang='lat' dir='ltr'>csse</span> <span class='ocrx_word' id='word_1_154' title='bbox 741 1561 791 1613; x_wconf 86' lang='lat' dir='ltr'>aut</span> <span class='ocrx_word' id='word_1_155' title='bbox 802 1560 889 1626; x_wconf 80' lang='lat' dir='ltr'>falsa,</span> <span class='ocrx_word' id='word_1_156' title='bbox 907 1559 979 1614; x_wconf 88' lang='lat' dir='ltr'>nibil</span> <span class='ocrx_word' id='word_1_157' title='bbox 996 1562 1093 1614; x_wconf 85' lang='lat' dir='ltr'>tamen</span> 
     </span>
     <span class='ocr_line' id='line_1_20' title="bbox 84 1627 1093 1698; baseline 0 -14"><span class='ocrx_word' id='word_1_158' title='bbox 84 1630 156 1686; x_wconf 85' lang='lat' dir='ltr'>iuter</span> <span class='ocrx_word' id='word_1_159' title='bbox 173 1647 204 1686; x_wconf 85' lang='lat' dir='ltr'>se</span> <span class='ocrx_word' id='word_1_160' title='bbox 223 1631 335 1686; x_wconf 87' lang='lat' dir='ltr'>differre</span> <span class='ocrx_word' id='word_1_161' title='bbox 355 1627 512 1687; x_wconf 83' lang='lat' dir='ltr'>contendat.</span> <span class='ocrx_word' id='word_1_162' title='bbox 540 1631 638 1698; x_wconf 87' lang='lat' dir='ltr'>Neque</span> <span class='ocrx_word' id='word_1_163' title='bbox 657 1629 732 1684; x_wconf 88' lang='lat' dir='ltr'>euim</span> <span class='ocrx_word' id='word_1_164' title='bbox 750 1647 846 1684; x_wconf 75' lang='lat' dir='ltr'>verium</span> <span class='ocrx_word' id='word_1_165' title='bbox 865 1631 900 1686; x_wconf 88' lang='lat' dir='ltr'>ab</span> <span class='ocrx_word' id='word_1_166' title='bbox 917 1629 1093 1685; x_wconf 78' lang='lat' dir='ltr'>Academicis</span> 
     </span>
     <span class='ocr_line' id='line_1_21' title="bbox 85 1700 1093 1772; baseline -0.001 -17"><span class='ocrx_word' id='word_1_167' title='bbox 85 1701 195 1756; x_wconf 89' lang='lat' dir='ltr'>omnino</span> <span class='ocrx_word' id='word_1_168' title='bbox 209 1701 285 1771; x_wconf 89' lang='lat' dir='ltr'>tolli,</span> <span class='ocrx_word' id='word_1_169' title='bbox 305 1703 355 1756; x_wconf 91' lang='lat' dir='ltr'>sed</span> <span class='ocrx_word' id='word_1_170' title='bbox 372 1705 483 1758; x_wconf 89' lang='lat' dir='ltr'>tantum</span> <span class='ocrx_word' id='word_1_171' title='bbox 502 1700 677 1772; x_wconf 86' lang='lat' dir='ltr'>percipiendi</span> <span class='ocrx_word' id='word_1_172' title='bbox 690 1701 801 1770; x_wconf 85' lang='lat' dir='ltr'>siguum</span> <span class='ocrx_word' id='word_1_173' title='bbox 820 1703 852 1768; x_wconf 91' lang='lat' dir='ltr'>(c.</span> <span class='ocrx_word' id='word_1_174' title='bbox 872 1705 925 1768; x_wconf 76' lang='lat'>34).</span> <span class='ocrx_word' id='word_1_175' title='bbox 953 1700 1093 1770; x_wconf 80' lang='lat' dir='ltr'>Deinceps</span> 
     </span>
     <span class='ocr_line' id='line_1_22' title="bbox 83 1769 1093 1842; baseline -0.001 -17"><span class='ocrx_word' id='word_1_176' title='bbox 83 1772 226 1842; x_wconf 87' lang='lat' dir='ltr'>usquead</span> <span class='ocrx_word' id='word_1_177' title='bbox 246 1789 269 1828; x_wconf 82' lang='lat' dir='ltr'>c.</span> <span class='ocrx_word' id='word_1_178' title='bbox 288 1779 322 1828; x_wconf 80' lang='grc'>47</span> <span class='ocrx_word' id='word_1_179' title='bbox 342 1773 453 1842; x_wconf 85' lang='lat' dir='ltr'>copiose</span> <span class='ocrx_word' id='word_1_180' title='bbox 471 1771 597 1842; x_wconf 85' lang='lat' dir='ltr'>disputat</span> <span class='ocrx_word' id='word_1_181' title='bbox 615 1772 649 1825; x_wconf 91' lang='lat' dir='ltr'>de</span> <span class='ocrx_word' id='word_1_182' title='bbox 669 1787 839 1826; x_wconf 90' lang='lat' dir='ltr'>summorum</span> <span class='ocrx_word' id='word_1_183' title='bbox 861 1769 1093 1840; x_wconf 87' lang='lat' dir='ltr'>philosophorum</span> 
     </span>
     <span class='ocr_line' id='line_1_23' title="bbox 85 1841 1094 1912; baseline -0.003 -16"><span class='ocrx_word' id='word_1_184' title='bbox 85 1841 305 1897; x_wconf 88' lang='lat' dir='ltr'>dissensionibus</span> <span class='ocrx_word' id='word_1_185' title='bbox 318 1843 348 1898; x_wconf 88' lang='lat' dir='ltr'>in</span> <span class='ocrx_word' id='word_1_186' title='bbox 362 1844 489 1898; x_wconf 89' lang='lat' dir='ltr'>omnibus</span> <span class='ocrx_word' id='word_1_187' title='bbox 507 1841 703 1912; x_wconf 88' lang='lat' dir='ltr'>philosophiae</span> <span class='ocrx_word' id='word_1_188' title='bbox 716 1842 856 1911; x_wconf 79' lang='lat' dir='ltr'>partibus3</span> <span class='ocrx_word' id='word_1_189' title='bbox 875 1857 909 1895; x_wconf 85' lang='lat' dir='ltr'>ex</span> <span class='ocrx_word' id='word_1_190' title='bbox 923 1858 977 1908; x_wconf 91' lang='lat' dir='ltr'>quo</span> <span class='ocrx_word' id='word_1_191' title='bbox 995 1842 1094 1910; x_wconf 84' lang='lat' dir='ltr'>pateat</span> 
     </span>
     <span class='ocr_line' id='line_1_24' title="bbox 83 1911 1080 1984; baseline 0 -19"><span class='ocrx_word' id='word_1_192' title='bbox 83 1912 152 1966; x_wconf 88' lang='lat' dir='ltr'>nihil</span> <span class='ocrx_word' id='word_1_193' title='bbox 170 1914 347 1984; x_wconf 84' lang='lat' dir='ltr'>exploratum</span> <span class='ocrx_word' id='word_1_194' title='bbox 365 1930 438 1982; x_wconf 88' lang='lat' dir='ltr'>esse,</span> <span class='ocrx_word' id='word_1_195' title='bbox 457 1917 541 1982; x_wconf 89' lang='lat' dir='ltr'>atque</span> <span class='ocrx_word' id='word_1_196' title='bbox 559 1913 646 1968; x_wconf 88' lang='lat' dir='ltr'>etiam</span> <span class='ocrx_word' id='word_1_197' title='bbox 665 1913 822 1982; x_wconf 89' lang='lat' dir='ltr'>sapientem</span> <span class='ocrx_word' id='word_1_198' title='bbox 840 1927 921 1983; x_wconf 86' lang='lat' dir='ltr'>posse</span> <span class='ocrx_word' id='word_1_199' title='bbox 940 1911 1057 1982; x_wconf 85' lang='lat' dir='ltr'>opinari.</span> <span class='ocrx_word' id='word_1_200' title='bbox 1077 1953 1080 1959; x_wconf 89' lang='lat'><em>.</em></span> 
     </span>
    </p>
   </div>
   <div class='ocr_carea' id='block_1_3' title="bbox 52 2117 1181 3553">
    <p class='ocr_par' dir='ltr' id='par_1_3' title="bbox 62 2117 1181 2936">
     <span class='ocr_line' id='line_1_25' title="bbox 148 2117 1132 2237; baseline -0.003 -27"><span class='ocrx_word' id='word_1_201' title='bbox 148 2145 306 2231; x_wconf 85' lang='lat' dir='ltr'>Magnum</span> <span class='ocrx_word' id='word_1_202' title='bbox 337 2147 503 2232; x_wconf 75' lang='lat' dir='ltr'>ingenium</span> <span class='ocrx_word' id='word_1_203' title='bbox 536 2145 572 2210; x_wconf 82' lang='lat' dir='ltr'>L.</span> <span class='ocrx_word' id='word_1_204' title='bbox 604 2145 729 2211; x_wconf 88' lang='lat' dir='ltr'>Luculli</span> <span class='ocrx_word' id='word_1_205' title='bbox 762 2166 979 2230; x_wconf 81' lang='lat' dir='ltr'>magnumque</span> <span class='ocrx_word' id='word_1_206' title='bbox 1012 2117 1132 2237; x_wconf 65' lang='lat' dir='ltr'>opti}</span> 
     </span>
     <span class='ocr_line' id='line_1_26' title="bbox 85 2232 1181 2318; baseline -0.003 -20"><span class='ocrx_word' id='word_1_207' title='bbox 85 2257 210 2299; x_wconf 84' lang='lat' dir='ltr'>marum</span> <span class='ocrx_word' id='word_1_208' title='bbox 234 2235 353 2299; x_wconf 87' lang='lat' dir='ltr'>artium</span> <span class='ocrx_word' id='word_1_209' title='bbox 376 2237 534 2318; x_wconf 87' lang='lat' dir='ltr'>studium,</span> <span class='ocrx_word' id='word_1_210' title='bbox 556 2239 626 2298; x_wconf 88' lang='lat' dir='ltr'>tum</span> <span class='ocrx_word' id='word_1_211' title='bbox 647 2235 751 2300; x_wconf 84' lang='lat' dir='ltr'>omnis</span> <span class='ocrx_word' id='word_1_212' title='bbox 775 2234 918 2300; x_wconf 88' lang='lat' dir='ltr'>liberalis</span> <span class='ocrx_word' id='word_1_213' title='bbox 941 2236 975 2297; x_wconf 91' lang='lat' dir='ltr'>et</span> <span class='ocrx_word' id='word_1_214' title='bbox 996 2232 1094 2318; x_wconf 87' lang='lat' dir='ltr'>digna</span> <span class='ocrx_word' id='word_1_215' title='bbox 1177 2307 1181 2314; x_wconf 31' lang='grc' dir='ltr'>Ι</span> 
     </span>
     <span class='ocr_line' id='line_1_27' title="bbox 84 2321 1093 2408; baseline -0.003 -22"><span class='ocrx_word' id='word_1_216' title='bbox 84 2321 216 2388; x_wconf 88' lang='lat' dir='ltr'>homine</span> <span class='ocrx_word' id='word_1_217' title='bbox 256 2323 361 2390; x_wconf 89' lang='lat' dir='ltr'>nobili</span> <span class='ocrx_word' id='word_1_218' title='bbox 406 2324 448 2388; x_wconf 87' lang='lat' dir='ltr'>ab</span> <span class='ocrx_word' id='word_1_219' title='bbox 490 2345 527 2388; x_wconf 89' lang='lat' dir='ltr'>eo</span> <span class='ocrx_word' id='word_1_220' title='bbox 572 2326 724 2408; x_wconf 88' lang='lat' dir='ltr'>percepta</span> <span class='ocrx_word' id='word_1_221' title='bbox 766 2322 931 2404; x_wconf 86' lang='lat' dir='ltr'>doctriua,</span> <span class='ocrx_word' id='word_1_222' title='bbox 977 2321 1093 2404; x_wconf 88' lang='lat' dir='ltr'>quibus</span> 
     </span>
     <span class='ocr_line' id='line_1_28' title="bbox 84 2408 1095 2494; baseline -0.002 -20"><span class='ocrx_word' id='word_1_223' title='bbox 84 2411 286 2494; x_wconf 87' lang='lat' dir='ltr'>temporibus</span> <span class='ocrx_word' id='word_1_224' title='bbox 323 2411 435 2476; x_wconf 87' lang='lat' dir='ltr'>florere</span> <span class='ocrx_word' id='word_1_225' title='bbox 472 2411 507 2476; x_wconf 89' lang='lat' dir='ltr'>in</span> <span class='ocrx_word' id='word_1_226' title='bbox 546 2411 617 2476; x_wconf 84' lang='lat' dir='ltr'>foro</span> <span class='ocrx_word' id='word_1_227' title='bbox 653 2410 792 2475; x_wconf 81' lang='lat' dir='ltr'>maxime</span> <span class='ocrx_word' id='word_1_228' title='bbox 832 2409 954 2494; x_wconf 87' lang='lat' dir='ltr'>potuit,</span> <span class='ocrx_word' id='word_1_229' title='bbox 990 2408 1095 2472; x_wconf 87' lang='lat' dir='ltr'>caruit</span> 
     </span>
     <span class='ocr_line' id='line_1_29' title="bbox 62 2496 1094 2564; baseline 0 -4"><span class='ocrx_word' id='word_1_230' title='bbox 62 2499 219 2564; x_wconf 79' lang='lat' dir='ltr'>somnino</span> <span class='ocrx_word' id='word_1_231' title='bbox 243 2500 339 2564; x_wconf 89' lang='lat' dir='ltr'>rebus</span> <span class='ocrx_word' id='word_1_232' title='bbox 362 2500 503 2564; x_wconf 85' lang='lat' dir='ltr'>urbanis.</span> <span class='ocrx_word' id='word_1_233' title='bbox 539 2498 585 2564; x_wconf 90' lang='lat' dir='ltr'>Ut</span> <span class='ocrx_word' id='word_1_234' title='bbox 603 2499 690 2563; x_wconf 92' lang='lat' dir='ltr'>enim</span> <span class='ocrx_word' id='word_1_235' title='bbox 713 2498 883 2563; x_wconf 87' lang='lat' dir='ltr'>admodum</span> <span class='ocrx_word' id='word_1_236' title='bbox 907 2496 1094 2564; x_wconf 74' lang='lat' dir='ltr'>adulescens</span> 
     </span>
     <span class='ocr_line' id='line_1_30' title="bbox 86 2586 1093 2672; baseline -0.003 -22"><span class='ocrx_word' id='word_1_237' title='bbox 86 2608 159 2651; x_wconf 90' lang='lat' dir='ltr'>cum</span> <span class='ocrx_word' id='word_1_238' title='bbox 182 2586 284 2652; x_wconf 88' lang='lat' dir='ltr'>fratre</span> <span class='ocrx_word' id='word_1_239' title='bbox 307 2588 378 2672; x_wconf 89' lang='lat' dir='ltr'>pari</span> <span class='ocrx_word' id='word_1_240' title='bbox 400 2588 521 2672; x_wconf 88' lang='lat' dir='ltr'>pietate</span> <span class='ocrx_word' id='word_1_241' title='bbox 541 2591 574 2652; x_wconf 90' lang='lat' dir='ltr'>et</span> <span class='ocrx_word' id='word_1_242' title='bbox 596 2586 756 2652; x_wconf 88' lang='lat' dir='ltr'>industria</span> <span class='ocrx_word' id='word_1_243' title='bbox 774 2587 921 2670; x_wconf 88' lang='lat' dir='ltr'>praedito</span> <span class='ocrx_word' id='word_1_244' title='bbox 942 2587 1093 2669; x_wconf 83' lang='lat' dir='ltr'>paternas</span> 
     </span>
     <span class='ocr_line' id='line_1_31' title="bbox 84 2672 1094 2761; baseline -0.004 -21"><span class='ocrx_word' id='word_1_245' title='bbox 84 2674 273 2740; x_wconf 86' lang='lat' dir='ltr'>inimicitias</span> <span class='ocrx_word' id='word_1_246' title='bbox 287 2696 493 2761; x_wconf 83' lang='lat' dir='ltr'>magnacum</span> <span class='ocrx_word' id='word_1_247' title='bbox 512 2674 618 2761; x_wconf 85' lang='lat' dir='ltr'>gloria</span> <span class='ocrx_word' id='word_1_248' title='bbox 637 2678 687 2740; x_wconf 86' lang='lat' dir='ltr'>est</span> <span class='ocrx_word' id='word_1_249' title='bbox 708 2678 904 2759; x_wconf 88' lang='lat' dir='ltr'>persecutus,</span> <span class='ocrx_word' id='word_1_250' title='bbox 922 2673 958 2738; x_wconf 90' lang='lat' dir='ltr'>in</span> <span class='ocrx_word' id='word_1_251' title='bbox 981 2672 1094 2738; x_wconf 87' lang='lat' dir='ltr'>Asiam</span> 
     </span>
     <span class='ocr_line' id='line_1_32' title="bbox 87 2761 1094 2848; baseline 0 -22"><span class='ocrx_word' id='word_1_252' title='bbox 87 2765 239 2846; x_wconf 86' lang='lat' dir='ltr'>quaestor</span> <span class='ocrx_word' id='word_1_253' title='bbox 259 2763 423 2848; x_wconf 84' lang='lat' dir='ltr'>profectus</span> <span class='ocrx_word' id='word_1_254' title='bbox 442 2764 489 2828; x_wconf 89' lang='lat' dir='ltr'>ibi</span> <span class='ocrx_word' id='word_1_255' title='bbox 507 2764 684 2847; x_wconf 86' lang='lat' dir='ltr'>permultos</span> <span class='ocrx_word' id='word_1_256' title='bbox 699 2784 802 2828; x_wconf 86' lang='lat' dir='ltr'>annos</span> <span class='ocrx_word' id='word_1_257' title='bbox 820 2761 1004 2828; x_wconf 89' lang='lat' dir='ltr'>admirabili</span> <span class='ocrx_word' id='word_1_258' title='bbox 1018 2782 1094 2846; x_wconf 91' lang='lat' dir='ltr'>qua·</span> 
     </span>
     <span class='ocr_line' id='line_1_33' title="bbox 86 2849 1094 2936; baseline -0.001 -22"><span class='ocrx_word' id='word_1_259' title='bbox 86 2850 161 2915; x_wconf 88' lang='lat' dir='ltr'>dam</span> <span class='ocrx_word' id='word_1_260' title='bbox 187 2851 282 2917; x_wconf 89' lang='lat' dir='ltr'>laude</span> <span class='ocrx_word' id='word_1_261' title='bbox 311 2853 495 2935; x_wconf 80' lang='lat' dir='ltr'>provinciae</span> <span class='ocrx_word' id='word_1_262' title='bbox 523 2851 677 2936; x_wconf 82' lang='lat' dir='ltr'>praefuit3</span> <span class='ocrx_word' id='word_1_263' title='bbox 706 2851 818 2916; x_wconf 88' lang='lat' dir='ltr'>deinde</span> <span class='ocrx_word' id='word_1_264' title='bbox 846 2852 962 2916; x_wconf 88' lang='lat' dir='ltr'>absens</span> <span class='ocrx_word' id='word_1_265' title='bbox 989 2849 1094 2914; x_wconf 86' lang='lat' dir='ltr'>factus</span> 
     </span>
    </p>

    <p class='ocr_par' dir='ltr' id='par_1_4' title="bbox 52 2937 1096 3376">
     <span class='ocr_line' id='line_1_34' title="bbox 52 2937 1094 3024; baseline 0 -24"><span class='ocrx_word' id='word_1_266' title='bbox 52 2964 74 3002; x_wconf 76' lang='grc' dir='ltr'>ιο</span> <span class='ocrx_word' id='word_1_267' title='bbox 87 2938 213 3020; x_wconf 87' lang='lat' dir='ltr'>aedilis,</span> <span class='ocrx_word' id='word_1_268' title='bbox 241 2941 392 3006; x_wconf 91' lang='lat' dir='ltr'>continuo</span> <span class='ocrx_word' id='word_1_269' title='bbox 419 2943 549 3024; x_wconf 87' lang='lat' dir='ltr'>praetor</span> <span class='ocrx_word' id='word_1_270' title='bbox 576 2939 709 3024; x_wconf 85' lang='lat' dir='ltr'>(licebat</span> <span class='ocrx_word' id='word_1_271' title='bbox 737 2940 822 3004; x_wconf 89' lang='lat' dir='ltr'>enim</span> <span class='ocrx_word' id='word_1_272' title='bbox 849 2939 984 3005; x_wconf 87' lang='lat' dir='ltr'>celerius</span> <span class='ocrx_word' id='word_1_273' title='bbox 1010 2937 1094 3021; x_wconf 87' lang='lat' dir='ltr'>legis</span> 
     </span>
     <span class='ocr_line' id='line_1_35' title="bbox 86 3027 1095 3112; baseline -0.003 -21"><span class='ocrx_word' id='word_1_274' title='bbox 86 3027 259 3112; x_wconf 85' lang='lat' dir='ltr'>praemio),</span> <span class='ocrx_word' id='word_1_275' title='bbox 282 3031 358 3112; x_wconf 88' lang='lat' dir='ltr'>post</span> <span class='ocrx_word' id='word_1_276' title='bbox 375 3029 410 3092; x_wconf 93' lang='lat' dir='ltr'>in</span> <span class='ocrx_word' id='word_1_277' title='bbox 427 3027 583 3111; x_wconf 84' lang='lat' dir='ltr'>Africam,</span> <span class='ocrx_word' id='word_1_278' title='bbox 605 3027 740 3093; x_wconf 85' lang='lat' dir='ltr'>indeed</span> <span class='ocrx_word' id='word_1_279' title='bbox 764 3027 977 3110; x_wconf 87' lang='lat' dir='ltr'>consulatum,</span> <span class='ocrx_word' id='word_1_280' title='bbox 1000 3047 1095 3109; x_wconf 88' lang='lat' dir='ltr'>quem</span> 
     </span>
     <span class='ocr_line' id='line_1_36' title="bbox 86 3113 1095 3201; baseline -0.003 -22"><span class='ocrx_word' id='word_1_281' title='bbox 86 3116 134 3180; x_wconf 88' lang='lat' dir='ltr'>ita</span> <span class='ocrx_word' id='word_1_282' title='bbox 147 3116 259 3200; x_wconf 80' lang='lat' dir='ltr'>gessit,</span> <span class='ocrx_word' id='word_1_283' title='bbox 273 3120 311 3180; x_wconf 93' lang='lat' dir='ltr'>ut</span> <span class='ocrx_word' id='word_1_284' title='bbox 324 3116 527 3201; x_wconf 82' lang='lat' dir='ltr'>diligentiam</span> <span class='ocrx_word' id='word_1_285' title='bbox 541 3115 776 3181; x_wconf 86' lang='lat' dir='ltr'>admirarentur</span> <span class='ocrx_word' id='word_1_286' title='bbox 790 3137 910 3198; x_wconf 87' lang='lat' dir='ltr'>omnes,</span> <span class='ocrx_word' id='word_1_287' title='bbox 927 3113 1095 3197; x_wconf 83' lang='lat' dir='ltr'>ingenium</span> 
     </span>
     <span class='ocr_line' id='line_1_37' title="bbox 88 3202 1096 3287; baseline -0.004 -19"><span class='ocrx_word' id='word_1_288' title='bbox 88 3207 307 3287; x_wconf 86' lang='lat' dir='ltr'>agnoscerent.</span> <span class='ocrx_word' id='word_1_289' title='bbox 352 3205 433 3270; x_wconf 90' lang='lat' dir='ltr'>Post</span> <span class='ocrx_word' id='word_1_290' title='bbox 457 3205 496 3269; x_wconf 89' lang='lat' dir='ltr'>ad</span> <span class='ocrx_word' id='word_1_291' title='bbox 515 3202 774 3269; x_wconf 85' lang='lat' dir='ltr'>Mithridaticum</span> <span class='ocrx_word' id='word_1_292' title='bbox 796 3203 919 3268; x_wconf 91' lang='lat' dir='ltr'>bellum</span> <span class='ocrx_word' id='word_1_293' title='bbox 936 3203 1055 3266; x_wconf 86' lang='lat' dir='ltr'>missus</span> <span class='ocrx_word' id='word_1_294' title='bbox 1076 3221 1096 3264; x_wconf 88' lang='lat' dir='ltr'>a</span> 
     </span>
     <span class='ocr_line' id='line_1_38' title="bbox 88 3288 1095 3376; baseline -0.002 -20"><span class='ocrx_word' id='word_1_295' title='bbox 88 3296 202 3358; x_wconf 88' lang='lat' dir='ltr'>senatu</span> <span class='ocrx_word' id='word_1_296' title='bbox 228 3315 293 3357; x_wconf 89' lang='lat' dir='ltr'>non</span> <span class='ocrx_word' id='word_1_297' title='bbox 324 3292 420 3358; x_wconf 88' lang='lat' dir='ltr'>modo</span> <span class='ocrx_word' id='word_1_298' title='bbox 449 3293 631 3376; x_wconf 88' lang='lat' dir='ltr'>opinionem</span> <span class='ocrx_word' id='word_1_299' title='bbox 659 3292 736 3356; x_wconf 88' lang='lat' dir='ltr'>vicit</span> <span class='ocrx_word' id='word_1_300' title='bbox 765 3291 922 3374; x_wconf 89' lang='lat' dir='ltr'>omnium,</span> <span class='ocrx_word' id='word_1_301' title='bbox 946 3310 1029 3372; x_wconf 88' lang='lat' dir='ltr'>quae</span> <span class='ocrx_word' id='word_1_302' title='bbox 1055 3288 1095 3354; x_wconf 90' lang='lat' dir='ltr'>de</span> 
     </span>
    </p>

    <p class='ocr_par' dir='ltr' id='par_1_5' title="bbox 54 3377 1129 3553">
     <span class='ocr_line' id='line_1_39' title="bbox 54 3377 1095 3464; baseline -0.003 -21"><span class='ocrx_word' id='word_1_303' title='bbox 54 3381 207 3460; x_wconf 78' lang='lat' dir='ltr'>revirtute</span> <span class='ocrx_word' id='word_1_304' title='bbox 244 3381 312 3446; x_wconf 86' lang='lat' dir='ltr'>ciue</span> <span class='ocrx_word' id='word_1_305' title='bbox 349 3384 433 3464; x_wconf 88' lang='lat' dir='ltr'>erat,</span> <span class='ocrx_word' id='word_1_306' title='bbox 469 3380 525 3446; x_wconf 89' lang='lat' dir='ltr'>sed</span> <span class='ocrx_word' id='word_1_307' title='bbox 563 3380 661 3444; x_wconf 89' lang='lat' dir='ltr'>etiam</span> <span class='ocrx_word' id='word_1_308' title='bbox 698 3379 837 3462; x_wconf 85' lang='lat' dir='ltr'>gloriam</span> <span class='ocrx_word' id='word_1_309' title='bbox 881 3377 1095 3461; x_wconf 64' lang='lat' dir='ltr'>superiorum</span> 
     </span>
     <span class='ocr_line' id='line_1_40' title="bbox 88 3464 1129 3553; baseline -0.002 -23"><span class='ocrx_word' id='word_1_310' title='bbox 88 3467 182 3553; x_wconf 88' lang='lat' dir='ltr'>idque</span> <span class='ocrx_word' id='word_1_311' title='bbox 214 3489 251 3532; x_wconf 91' lang='lat' dir='ltr'>eo</span> <span class='ocrx_word' id='word_1_312' title='bbox 278 3467 343 3536; x_wconf 87' lang='lat' dir='ltr'>fuit</span> <span class='ocrx_word' id='word_1_313' title='bbox 368 3468 564 3550; x_wconf 86' lang='lat' dir='ltr'>mirabilius,</span> <span class='ocrx_word' id='word_1_314' title='bbox 595 3467 689 3549; x_wconf 93' lang='lat' dir='ltr'>quod·</span> <span class='ocrx_word' id='word_1_315' title='bbox 713 3465 771 3544; x_wconf 72' lang='lat' dir='ltr'>ab,</span> <span class='ocrx_word' id='word_1_316' title='bbox 785 3486 822 3528; x_wconf 91' lang='lat' dir='ltr'>eo</span> <span class='ocrx_word' id='word_1_317' title='bbox 853 3464 925 3528; x_wconf 88' lang='lat' dir='ltr'>laus</span> <span class='ocrx_word' id='word_1_318' title='bbox 957 3464 1129 3548; x_wconf 80' lang='lat' dir='ltr'>impera-2</span> 
     </span>
    </p>
   </div>
   <div class='ocr_carea' id='block_1_4' title="bbox 0 0 1245 3962">
    <p class='ocr_par' dir='ltr' id='par_1_6' title="bbox 0 0 1245 3962">
     <span class='ocr_line' id='line_1_41' title="bbox 0 0 1245 3962; baseline 0 0"><span class='ocrx_word' id='word_1_319' title='bbox 0 0 1245 3962; x_wconf 95' lang='lat' dir='ltr'> </span> 
     </span>
    </p>
   </div>
  </div>
 </body>
</html>
