2564 3950
363 155 431 209 LlB.
449 155 470 210 Ι,
499 154 576 209 ΟΑΡ.
596 157 717 210 33-36.
745 159 760 220 ὅ
780 158 902 210 81-86.
1070 155 1130 219 311

6 383 9 402 Ἴ,
125 338 143 380 e
176 339 269 380 muro
302 322 336 380 s'e
368 315 402 379 in
434 338 520 380 mare
555 316 710 380 abiecisse
743 316 827 380 lecto
859 316 1005 381 Platonis
1042 317 1144 383 libre..
1244 393 1246 398 s

5 402 12 543 ί
125 405 207 469 Eius
231 407 351 488 autem,
381 426 476 488 quem
500 404 580 486 dixi,
607 403 767 489 Hegesiae
794 403 877 468 liber
904 408 954 468 est
980 400 1136 490 Ἀποκαρ-

124 493 247 574 τερῶν,
271 513 334 576 quo
358 492 467 556 avita
494 492 624 576 quidam
647 514 705 574 per
732 492 871 556 inediam
898 492 1064 558 discedens
1087 516 1135 558 re-

5 649 11 733 l
94 583 303 734 ,flattu
305 581 541 744 lnlffluf
542 579 1020 752 ¹l¹¹0³stt¹³1⁰tt¹tlttll
1021 603 1135 735 tlt

15 836 20 842 ἱ
126 777 225 842 quam
252 756 322 840 ille,
349 756 403 841 qui
427 757 558 821 omnino
581 757 688 822 vivere
711 755 859 840 expedire
881 758 1004 821 nemini
1032 762 1135 842 putat.

14 852 20 867 '
124 843 224 910 Mitto
248 845 341 929 alios3
367 845 505 909 etiamne
528 844 621 910 nobis
646 845 795 929 expedit?
819 845 874 928 qui
896 850 928 910 et
950 847 1135 912 domesticis

7 996 11 1007 ,
126 937 160 998 et
186 933 372 997 forensibus
400 933 529 998 solaciis
557 933 819 1017 ornamentisque
847 934 966 1016 privati
995 939 1082 1002 certe
1107 936 1136 1000 si

5 1007 11 1114 l
126 1025 201 1086 ante
229 1021 471 1104 occidissemus,
503 1042 590 1086 mors
624 1043 683 1086 nos
713 1043 732 1085 a
758 1021 865 1101 malis,
898 1044 964 1087 non
991 1045 1010 1087 a
1041 1023 1135 1089 bonis

7 1116 8 1125 ’
75 1135 110 1176 ιο
125 1109 347 1174 abstraxisset.
930 1129 932 1132 ’
1146 1151 1188 1216 35

194 1195 243 1262 Sit
271 1197 370 1282 igitur
398 1197 528 1284 aliquis,
555 1198 612 1280 qui
638 1198 721 1262 nihil
744 1198 823 1263 mali
846 1198 979 1283 habeat,
1008 1200 1134 1265 nullum
1154 1229 1188 1278 85

124 1309 145 1350 a
172 1285 304 1352 fortuna
331 1286 447 1350 volnus
479 1286 647 1368 acceperit.
698 1284 847 1351 Metellus
880 1287 935 1351 ille
967 1287 1134 1353 honoratis

124 1377 280 1458 quattuor
311 1374 400 1455 filiis,
433 1376 468 1437 at
504 1375 739 1459 quinquaginta
770 1374 934 1458 Priamus,
970 1397 987 1439 e
1019 1376 1134 1458 quibus

5 1521 7 1578 ⁵
77 1462 744 1633 1,.{sallustautema
769 1461 1135 1617 Ilsalllqtiallndtl

5 1581 14 1736 i·
123 1637 293 1702 Metellum
323 1639 409 1702 enim
438 1637 533 1701 multi
564 1638 625 1701 filii
643 1601 757 1721 ⁷filiae,
790 1642 924 1722 nepotes
956 1642 1069 1723 neptes
1101 1601 1135 1704 iri

124 1747 240 1812 rogum
263 1727 484 1809 inposuerunt,
508 1725 673 1790 Priamum
691 1730 784 1790 tanta
801 1727 956 1811 progenie
976 1727 1134 1809 orbatum,

124 1837 198 1879 cum
230 1815 265 1878 in
298 1835 387 1897 aram
420 1813 630 1898 confugisset,
657 1814 788 1878 hostilis
820 1836 933 1880 manus
963 1815 1135 1880 interemit.

123 1902 187 1968 Hic
211 1903 239 1966 si
263 1902 345 1966 vivis
368 1902 444 1966 filiis
467 1902 622 1967 ineolumi
644 1923 744 1986 regno
769 1903 939 1968 occidisset

78 2051 109 2090 ao
194 2075 202 2091 .
226 2077 232 2090 .
257 2027 411 2090 astante
435 2047 503 2108 ope
526 2025 731 2090 barbarica

191 2112 319 2178 Tectis
343 2113 523 2197 caelatis,
547 2109 755 2198 laqueatis,

122 2261 234 2320 utrum
256 2254 388 2319 tandem
412 2255 547 2319 abonis
572 2277 614 2318 an
633 2277 652 2318 a
674 2255 769 2319 malis
793 2254 1016 2320 discessisset?
1053 2256 1135 2320 Tum

123 2343 270 2428 profecto
298 2342 461 2422 videretur
488 2365 507 2406 a
534 2343 637 2406 bonis.
687 2342 734 2406 At
756 2346 840 2407 certe
869 2343 899 2407 ei
926 2344 1041 2408 melius
1065 2365 1135 2409 eve·

123 2432 240 2510 nisset,
263 2452 322 2496 nec
344 2435 412 2496 tam
436 2430 588 2494 flebiliter
610 2431 670 2494 illa
692 2434 894 2494 canerentur:

79 2579 110 2620 as
192 2555 297 2618 Haeo
320 2555 446 2618 dmnia
469 2553 548 2618 vidi
572 2552 823 2636 inflammari,

192 2643 344 2708 Priamo
368 2641 547 2706 civitam
571 2639 723 2723 evitari,

192 2730 294 2796 Iovis
319 2732 422 2794 aram
446 2730 635 2814 sanguine
657 2729 818 2813 tdrpari.

94 2945 98 2951 Ι
126 2870 226 2947 Quasi
253 2893 328 2935 vero
357 2872 479 2936 ista=vi
506 2871 679 2955 quicquam
702 2874 771 2936 turn
800 2869 944 2953 potuerit
967 2869 996 2934 ei
1019 2871 1134 2934 melius

126 2959 283 3024 accidere!
326 2959 446 3034 Quodsi
471 2964 544 3024 ante
566 2959 748 3042 occidisset,
770 2959 871 3023 talem
895 2961 1045 3023 eventum
1068 2979 1134 3022 om·

81 3074 112 3114 ao
125 3048 201 3112 nino
234 3046 409 3131 amisisset;
445 3047 507 3112 hoc
539 3051 647 3112 autem
678 3052 824 3130 tempore
857 3068 988 3111 sensum
1024 3046 1134 3110 amisit

126 3135 293 3200 malorum.
342 3135 511 3219 Pompeio,
541 3137 652 3199 nostro
682 3133 856 3218 familiari,
888 3156 960 3198 cum
992 3135 1135 3218 graviter
1152 3155 1186 3203 aa

5 3223 7 3306 l
126 3227 311 3307 aegrotaret
346 3221 500 3307 Neapoli,
541 3223 655 3287 melius
694 3227 744 3286 est
786 3223 916 3287 factum.
980 3219 1134 3286 Coronati

5 3309 7 3318 ’
125 3308 335 3395 Neapolitani
357 3311 500 3394 fuerunt,
528 3311 681 3377 nimirum
705 3311 804 3375 etiam
827 3309 1008 3391 Puteolani,
1035 3310 1133 3393 volgo

5 3471 7 3486 ,
126 3421 163 3464 ex
187 3399 314 3484 oppidis
341 3399 471 3484 publice
498 3399 753 3485 gratulabantur.
804 3397 953 3481 Ineptum
979 3419 1057 3462 sane
1079 3419 1133 3462 ne-

5 3499 7 3554 l
82 3513 112 3555 aa
126 3489 249 3572 gotium
272 3491 305 3552 et
327 3487 536 3572 Graeculum,
558 3487 614 3552 sed
636 3491 746 3552 tamen
767 3487 978 3551 fortunatum.
1014 3483 1132 3550 Utrum
