<?xml version="1.0" encoding="UTF-8"?>
<!DOCTYPE html PUBLIC "-//W3C//DTD XHTML 1.0 Transitional//EN"
    "http://www.w3.org/TR/xhtml1/DTD/xhtml1-transitional.dtd">
<html xmlns="http://www.w3.org/1999/xhtml" xml:lang="en" lang="en">
 <head>
  <title>
</title>
<meta http-equiv="Content-Type" content="text/html;charset=utf-8" />
  <meta name='ocr-system' content='tesseract 3.04.00' />
  <meta name='ocr-capabilities' content='ocr_page ocr_carea ocr_par ocr_line ocrx_word'/>
</head>
<body>
  <div class='ocr_page' id='page_1' title='image "./scriptaquaemans00unkngoog_0466.png"; bbox 0 0 2544 3952; ppageno 0'>
   <div class='ocr_carea' id='block_1_1' title="bbox 337 235 1126 306">
    <p class='ocr_par' dir='ltr' id='par_1_1' title="bbox 337 235 1126 306">
     <span class='ocr_line' id='line_1_1' title="bbox 337 235 1126 306; baseline 0.015 -14"><span class='ocrx_word' id='word_1_1' title='bbox 337 237 405 293; x_wconf 78' lang='lat' dir='ltr'><strong>Lm.</strong></span> <span class='ocrx_word' id='word_1_2' title='bbox 424 237 471 293; x_wconf 81' lang='lat' dir='ltr'><strong>IV.</strong></span> <span class='ocrx_word' id='word_1_3' title='bbox 499 235 576 294; x_wconf 83' lang='lat' dir='ltr'><strong>cAP.</strong></span> <span class='ocrx_word' id='word_1_4' title='bbox 596 244 719 296; x_wconf 78' lang='lat' dir='ltr'><strong>as-av.</strong></span> <span class='ocrx_word' id='word_1_5' title='bbox 745 244 901 306; x_wconf 71' lang='lat' dir='ltr'><strong>cao-to.</strong></span> <span class='ocrx_word' id='word_1_6' title='bbox 1060 238 1126 304; x_wconf 84' lang='lat'><strong>413</strong></span> 
     </span>
    </p>
   </div>
   <div class='ocr_carea' id='block_1_2' title="bbox 4 399 1178 3388">
    <p class='ocr_par' dir='ltr' id='par_1_2' title="bbox 4 399 1178 3388">
     <span class='ocr_line' id='line_1_2' title="bbox 118 399 1126 486; baseline 0.002 -22"><span class='ocrx_word' id='word_1_7' title='bbox 118 399 356 484; x_wconf 83' lang='lat' dir='ltr'><strong>aegritudinem</strong></span> <span class='ocrx_word' id='word_1_8' title='bbox 374 402 535 486; x_wconf 82' lang='lat' dir='ltr'><strong>suspicere</strong></span> <span class='ocrx_word' id='word_1_9' title='bbox 553 423 613 485; x_wconf 91' lang='lat' dir='ltr'><strong>pro</strong></span> <span class='ocrx_word' id='word_1_10' title='bbox 632 401 842 485; x_wconf 84' lang='lat' dir='ltr'><strong>experientia,</strong></span> <span class='ocrx_word' id='word_1_11' title='bbox 862 401 985 485; x_wconf 88' lang='lat' dir='ltr'><strong>siquid</strong></span> <span class='ocrx_word' id='word_1_12' title='bbox 1006 400 1126 466; x_wconf 88' lang='lat' dir='ltr'><strong>habere</strong></span> 
     </span>
     <span class='ocr_line' id='line_1_3' title="bbox 116 486 1126 555; baseline 0.002 -4"><span class='ocrx_word' id='word_1_13' title='bbox 116 486 221 552; x_wconf 82' lang='lat' dir='ltr'><strong>velis?</strong></span> <span class='ocrx_word' id='word_1_14' title='bbox 252 509 329 552; x_wconf 90' lang='lat' dir='ltr'><strong>nam</strong></span> <span class='ocrx_word' id='word_1_15' title='bbox 351 489 456 554; x_wconf 91' lang='lat' dir='ltr'><strong>solum</strong></span> <span class='ocrx_word' id='word_1_16' title='bbox 484 489 604 555; x_wconf 90' lang='lat' dir='ltr'><strong>habere</strong></span> <span class='ocrx_word' id='word_1_17' title='bbox 626 489 709 554; x_wconf 88' lang='lat' dir='ltr'><strong>velle</strong></span> <span class='ocrx_word' id='word_1_18' title='bbox 733 511 859 554; x_wconf 90' lang='lat' dir='ltr'><strong>summa</strong></span> <span class='ocrx_word' id='word_1_19' title='bbox 882 488 1045 554; x_wconf 84' lang='lat' dir='ltr'><strong>dementia</strong></span> <span class='ocrx_word' id='word_1_20' title='bbox 1068 493 1126 555; x_wconf 91' lang='lat' dir='ltr'><strong>est.</strong></span> 
     </span>
     <span class='ocr_line' id='line_1_4' title="bbox 116 574 1178 662; baseline -0.002 -22"><span class='ocrx_word' id='word_1_21' title='bbox 116 574 361 642; x_wconf 82' lang='lat' dir='ltr'><strong>Mediocritates</strong></span> <span class='ocrx_word' id='word_1_22' title='bbox 376 581 484 641; x_wconf 89' lang='lat' dir='ltr'><strong>autem</strong></span> <span class='ocrx_word' id='word_1_23' title='bbox 499 577 657 642; x_wconf 89' lang='lat' dir='ltr'><strong>malcrum</strong></span> <span class='ocrx_word' id='word_1_24' title='bbox 670 577 742 662; x_wconf 91' lang='lat' dir='ltr'><strong>quis</strong></span> <span class='ocrx_word' id='word_1_25' title='bbox 755 577 887 642; x_wconf 87' lang='lat' dir='ltr'><strong>laudare</strong></span> <span class='ocrx_word' id='word_1_26' title='bbox 900 580 986 642; x_wconf 85' lang='lat' dir='ltr'><strong>recte</strong></span> <span class='ocrx_word' id='word_1_27' title='bbox 1000 577 1126 661; x_wconf 80' lang='lat' dir='ltr'><strong>possit?</strong></span> <span class='ocrx_word' id='word_1_28' title='bbox 1146 588 1178 638; x_wconf 75' lang='lat'><strong>5⁷</strong></span> 
     </span>
     <span class='ocr_line' id='line_1_5' title="bbox 117 662 1127 750; baseline 0.002 -22"><span class='ocrx_word' id='word_1_29' title='bbox 117 662 198 740; x_wconf 83' lang='lat' dir='ltr'><strong>Quis</strong></span> <span class='ocrx_word' id='word_1_30' title='bbox 226 663 311 728; x_wconf 92' lang='lat' dir='ltr'><strong>enim</strong></span> <span class='ocrx_word' id='word_1_31' title='bbox 338 668 460 749; x_wconf 91' lang='lat' dir='ltr'><strong>potest,</strong></span> <span class='ocrx_word' id='word_1_32' title='bbox 487 665 522 730; x_wconf 96' lang='lat' dir='ltr'><strong>in</strong></span> <span class='ocrx_word' id='word_1_33' title='bbox 549 687 612 750; x_wconf 89' lang='lat' dir='ltr'><strong>quo</strong></span> <span class='ocrx_word' id='word_1_34' title='bbox 637 665 738 731; x_wconf 90' lang='lat' dir='ltr'><strong>libido</strong></span> <span class='ocrx_word' id='word_1_35' title='bbox 761 665 959 749; x_wconf 74' lang='lat' dir='ltr'><strong>cupiditasve</strong></span> <span class='ocrx_word' id='word_1_36' title='bbox 982 665 1038 750; x_wconf 90' lang='lat' dir='ltr'><strong>sit,</strong></span> <span class='ocrx_word' id='word_1_37' title='bbox 1060 687 1127 730; x_wconf 91' lang='lat' dir='ltr'><strong>non</strong></span> 
     </span>
     <span class='ocr_line' id='line_1_6' title="bbox 85 751 1127 839; baseline 0.001 -22"><span class='ocrx_word' id='word_1_38' title='bbox 85 751 311 818; x_wconf 76' lang='lat' dir='ltr'><strong>slibidinosus</strong></span> <span class='ocrx_word' id='word_1_39' title='bbox 339 756 372 818; x_wconf 94' lang='lat' dir='ltr'><strong>et</strong></span> <span class='ocrx_word' id='word_1_40' title='bbox 399 752 532 836; x_wconf 90' lang='lat' dir='ltr'><strong>cupidus</strong></span> <span class='ocrx_word' id='word_1_41' title='bbox 560 752 653 818; x_wconf 82' lang='lat' dir='ltr'><strong>esse?</strong></span> <span class='ocrx_word' id='word_1_42' title='bbox 680 755 715 818; x_wconf 93' lang='lat' dir='ltr'><strong>in</strong></span> <span class='ocrx_word' id='word_1_43' title='bbox 738 775 801 839; x_wconf 91' lang='lat' dir='ltr'><strong>quo</strong></span> <span class='ocrx_word' id='word_1_44' title='bbox 824 755 887 837; x_wconf 89' lang='lat' dir='ltr'><strong>ira,</strong></span> <span class='ocrx_word' id='word_1_45' title='bbox 913 775 980 819; x_wconf 93' lang='lat' dir='ltr'><strong>non</strong></span> <span class='ocrx_word' id='word_1_46' title='bbox 1001 754 1127 818; x_wconf 89' lang='lat' dir='ltr'><strong>iracun-</strong></span> 
     </span>
     <span class='ocr_line' id='line_1_7' title="bbox 117 839 1128 926; baseline 0.003 -22"><span class='ocrx_word' id='word_1_47' title='bbox 117 839 201 904; x_wconf 79' lang='lat' dir='ltr'><strong>dus?</strong></span> <span class='ocrx_word' id='word_1_48' title='bbox 229 840 264 904; x_wconf 92' lang='lat' dir='ltr'><strong>in</strong></span> <span class='ocrx_word' id='word_1_49' title='bbox 290 861 354 924; x_wconf 92' lang='lat' dir='ltr'><strong>quo</strong></span> <span class='ocrx_word' id='word_1_50' title='bbox 378 861 492 926; x_wconf 85' lang='lat' dir='ltr'><strong>angor,</strong></span> <span class='ocrx_word' id='word_1_51' title='bbox 518 862 585 907; x_wconf 90' lang='lat' dir='ltr'><strong>non</strong></span> <span class='ocrx_word' id='word_1_52' title='bbox 611 842 746 906; x_wconf 80' lang='lat' dir='ltr'><strong>anxius?</strong></span> <span class='ocrx_word' id='word_1_53' title='bbox 773 843 808 905; x_wconf 92' lang='lat' dir='ltr'><strong>in</strong></span> <span class='ocrx_word' id='word_1_54' title='bbox 835 863 898 925; x_wconf 93' lang='lat' dir='ltr'><strong>quo</strong></span> <span class='ocrx_word' id='word_1_55' title='bbox 924 841 1036 925; x_wconf 90' lang='lat' dir='ltr'><strong>timor,</strong></span> <span class='ocrx_word' id='word_1_56' title='bbox 1061 863 1128 907; x_wconf 95' lang='lat' dir='ltr'><strong>non</strong></span> 
     </span>
     <span class='ocr_line' id='line_1_8' title="bbox 117 927 1128 1014; baseline 0.004 -23"><span class='ocrx_word' id='word_1_57' title='bbox 117 927 274 992; x_wconf 81' lang='lat' dir='ltr'><strong>timidus?</strong></span> <span class='ocrx_word' id='word_1_58' title='bbox 310 927 534 994; x_wconf 79' lang='lat' dir='ltr'><strong>libidinosum</strong></span> <span class='ocrx_word' id='word_1_59' title='bbox 556 929 657 1014; x_wconf 81' lang='lat' dir='ltr'><strong>igitur</strong></span> <span class='ocrx_word' id='word_1_60' title='bbox 678 933 711 993; x_wconf 91' lang='lat' dir='ltr'><strong>et</strong></span> <span class='ocrx_word' id='word_1_61' title='bbox 733 930 922 994; x_wconf 87' lang='lat' dir='ltr'><strong>iracundum</strong></span> <span class='ocrx_word' id='word_1_62' title='bbox 944 933 978 994; x_wconf 89' lang='lat' dir='ltr'><strong>ct</strong></span> <span class='ocrx_word' id='word_1_63' title='bbox 996 930 1128 995; x_wconf 84' lang='lat' dir='ltr'><strong>anxium</strong></span> 
     </span>
     <span class='ocr_line' id='line_1_9' title="bbox 116 1016 1126 1101; baseline 0.004 -22"><span class='ocrx_word' id='word_1_64' title='bbox 116 1019 152 1080; x_wconf 88' lang='lat' dir='ltr'><strong>et</strong></span> <span class='ocrx_word' id='word_1_65' title='bbox 178 1016 329 1081; x_wconf 91' lang='lat' dir='ltr'><strong>timidum</strong></span> <span class='ocrx_word' id='word_1_66' title='bbox 356 1037 522 1084; x_wconf 86' lang='lat' dir='ltr'><strong>censemus</strong></span> <span class='ocrx_word' id='word_1_67' title='bbox 550 1039 620 1082; x_wconf 89' lang='lat' dir='ltr'><strong>esse</strong></span> <span class='ocrx_word' id='word_1_68' title='bbox 648 1017 852 1101; x_wconf 76' lang='lat' dir='ltr'><strong>sapientem?</strong></span> <span class='ocrx_word' id='word_1_69' title='bbox 884 1017 923 1082; x_wconf 92' lang='lat' dir='ltr'><strong>de</strong></span> <span class='ocrx_word' id='word_1_70' title='bbox 955 1019 1044 1084; x_wconf 88' lang='lat' dir='ltr'><strong>ouius</strong></span> <span class='ocrx_word' id='word_1_71' title='bbox 1074 1040 1126 1083; x_wconf 86' lang='lat' dir='ltr'><strong>ex-</strong></span> 
     </span>
     <span class='ocr_line' id='line_1_10' title="bbox 117 1103 1126 1192; baseline 0.002 -23"><span class='ocrx_word' id='word_1_72' title='bbox 117 1103 267 1169; x_wconf 88' lang='lat' dir='ltr'><strong>cellentia</strong></span> <span class='ocrx_word' id='word_1_73' title='bbox 285 1104 389 1169; x_wconf 90' lang='lat' dir='ltr'><strong>multa</strong></span> <span class='ocrx_word' id='word_1_74' title='bbox 406 1105 536 1189; x_wconf 91' lang='lat' dir='ltr'><strong>quidem</strong></span> <span class='ocrx_word' id='word_1_75' title='bbox 558 1105 621 1169; x_wconf 89' lang='lat' dir='ltr'><strong>dici</strong></span> <span class='ocrx_word' id='word_1_76' title='bbox 641 1105 787 1189; x_wconf 90' lang='lat' dir='ltr'><strong>quamvis</strong></span> <span class='ocrx_word' id='word_1_77' title='bbox 809 1105 881 1170; x_wconf 84' lang='lat' dir='ltr'><strong>fuse</strong></span> <span class='ocrx_word' id='word_1_78' title='bbox 901 1105 1030 1192; x_wconf 88' lang='lat' dir='ltr'><strong>lateque</strong></span> <span class='ocrx_word' id='word_1_79' title='bbox 1054 1127 1126 1189; x_wconf 93' lang='lat' dir='ltr'><strong>pos-</strong></span> 
     </span>
     <span class='ocr_line' id='line_1_11' title="bbox 4 1191 1127 1278; baseline 0.004 -23"><span class='ocrx_word' id='word_1_80' title='bbox 4 1195 6 1206; x_wconf 82' lang='lat'><em>&#39;</em></span> <span class='ocrx_word' id='word_1_81' title='bbox 72 1218 103 1256; x_wconf 87' lang='grc' dir='ltr'><strong>ιο</strong></span> <span class='ocrx_word' id='word_1_82' title='bbox 118 1195 208 1275; x_wconf 90' lang='lat' dir='ltr'><strong>sunt,</strong></span> <span class='ocrx_word' id='word_1_83' title='bbox 232 1191 288 1257; x_wconf 88' lang='lat' dir='ltr'><strong>sed</strong></span> <span class='ocrx_word' id='word_1_84' title='bbox 306 1192 495 1257; x_wconf 88' lang='lat' dir='ltr'><strong>brevissimo</strong></span> <span class='ocrx_word' id='word_1_85' title='bbox 513 1193 571 1258; x_wconf 92' lang='lat' dir='ltr'><strong>illo</strong></span> <span class='ocrx_word' id='word_1_86' title='bbox 590 1193 699 1278; x_wconf 92' lang='lat' dir='ltr'><strong>modo,</strong></span> <span class='ocrx_word' id='word_1_87' title='bbox 719 1194 911 1277; x_wconf 78' lang='lat' dir='ltr'><strong>sapientiam</strong></span> <span class='ocrx_word' id='word_1_88' title='bbox 932 1215 1001 1259; x_wconf 89' lang='lat' dir='ltr'><strong>esse</strong></span> <span class='ocrx_word' id='word_1_89' title='bbox 1019 1215 1127 1259; x_wconf 91' lang='lat' dir='ltr'><strong>rerum</strong></span> 
     </span>
     <span class='ocr_line' id='line_1_12' title="bbox 117 1280 1127 1368; baseline 0.002 -24"><span class='ocrx_word' id='word_1_90' title='bbox 117 1280 301 1345; x_wconf 90' lang='lat' dir='ltr'><strong>divinarum</strong></span> <span class='ocrx_word' id='word_1_91' title='bbox 328 1283 362 1345; x_wconf 91' lang='lat' dir='ltr'><strong>et</strong></span> <span class='ocrx_word' id='word_1_92' title='bbox 387 1280 602 1346; x_wconf 87' lang='lat' dir='ltr'><strong>humanarum</strong></span> <span class='ocrx_word' id='word_1_93' title='bbox 638 1282 806 1347; x_wconf 88' lang='lat' dir='ltr'><strong>scientiam</strong></span> <span class='ocrx_word' id='word_1_94' title='bbox 836 1282 1127 1368; x_wconf 86' lang='lat' dir='ltr'><strong>cognitionemque,</strong></span> 
     </span>
     <span class='ocr_line' id='line_1_13' title="bbox 116 1367 1127 1455; baseline 0.003 -23"><span class='ocrx_word' id='word_1_95' title='bbox 116 1390 201 1454; x_wconf 92' lang='lat' dir='ltr'><strong>quae</strong></span> <span class='ocrx_word' id='word_1_96' title='bbox 223 1370 377 1453; x_wconf 88' lang='lat' dir='ltr'><strong>cuiusque</strong></span> <span class='ocrx_word' id='word_1_97' title='bbox 399 1369 446 1434; x_wconf 89' lang='lat' dir='ltr'><strong>rei</strong></span> <span class='ocrx_word' id='word_1_98' title='bbox 470 1389 567 1434; x_wconf 85' lang='lat' dir='ltr'><strong>causa</strong></span> <span class='ocrx_word' id='word_1_99' title='bbox 590 1369 641 1434; x_wconf 88' lang='lat' dir='ltr'><strong>sit.</strong></span> <span class='ocrx_word' id='word_1_100' title='bbox 685 1367 736 1435; x_wconf 80' lang='lat' dir='ltr'><strong>Ex</strong></span> <span class='ocrx_word' id='word_1_101' title='bbox 759 1393 822 1455; x_wconf 89' lang='lat' dir='ltr'><strong>qno</strong></span> <span class='ocrx_word' id='word_1_102' title='bbox 846 1370 998 1454; x_wconf 85' lang='lat' dir='ltr'><strong>efficitur,</strong></span> <span class='ocrx_word' id='word_1_103' title='bbox 1020 1374 1058 1435; x_wconf 89' lang='lat' dir='ltr'><strong>ut</strong></span> <span class='ocrx_word' id='word_1_104' title='bbox 1080 1370 1127 1435; x_wconf 91' lang='lat' dir='ltr'><strong>di-</strong></span> 
     </span>
     <span class='ocr_line' id='line_1_14' title="bbox 116 1455 1126 1541; baseline 0.002 -21"><span class='ocrx_word' id='word_1_105' title='bbox 116 1455 194 1521; x_wconf 89' lang='lat' dir='ltr'><strong>vina</strong></span> <span class='ocrx_word' id='word_1_106' title='bbox 215 1457 375 1541; x_wconf 85' lang='lat' dir='ltr'><strong>imitetur,</strong></span> <span class='ocrx_word' id='word_1_107' title='bbox 404 1457 547 1522; x_wconf 90' lang='lat' dir='ltr'><strong>humana</strong></span> <span class='ocrx_word' id='word_1_108' title='bbox 569 1458 680 1522; x_wconf 87' lang='lat' dir='ltr'><strong>omnia</strong></span> <span class='ocrx_word' id='word_1_109' title='bbox 702 1457 856 1522; x_wconf 89' lang='lat' dir='ltr'><strong>inferiora</strong></span> <span class='ocrx_word' id='word_1_110' title='bbox 878 1457 998 1523; x_wconf 88' lang='lat' dir='ltr'><strong>virtute</strong></span> <span class='ocrx_word' id='word_1_111' title='bbox 1022 1459 1126 1523; x_wconf 88' lang='lat' dir='ltr'><strong>ducat.</strong></span> 
     </span>
     <span class='ocr_line' id='line_1_15' title="bbox 116 1543 1127 1630; baseline 0.002 -22"><span class='ocrx_word' id='word_1_112' title='bbox 116 1543 159 1608; x_wconf 89' lang='lat' dir='ltr'><strong>In</strong></span> <span class='ocrx_word' id='word_1_113' title='bbox 181 1543 264 1609; x_wconf 89' lang='lat' dir='ltr'><strong>hanc</strong></span> <span class='ocrx_word' id='word_1_114' title='bbox 287 1550 324 1610; x_wconf 93' lang='lat' dir='ltr'><strong>tu</strong></span> <span class='ocrx_word' id='word_1_115' title='bbox 346 1545 446 1630; x_wconf 80' lang='lat' dir='ltr'><strong>igitur</strong></span> <span class='ocrx_word' id='word_1_116' title='bbox 468 1549 636 1630; x_wconf 87' lang='lat' dir='ltr'><strong>tamquam</strong></span> <span class='ocrx_word' id='word_1_117' title='bbox 658 1547 693 1610; x_wconf 95' lang='lat' dir='ltr'><strong>in</strong></span> <span class='ocrx_word' id='word_1_118' title='bbox 715 1567 817 1628; x_wconf 88' lang='lat' dir='ltr'><strong>marc,</strong></span> <span class='ocrx_word' id='word_1_119' title='bbox 840 1545 925 1630; x_wconf 91' lang='lat' dir='ltr'><strong>quod</strong></span> <span class='ocrx_word' id='word_1_120' title='bbox 947 1549 998 1611; x_wconf 92' lang='lat' dir='ltr'><strong>est</strong></span> <span class='ocrx_word' id='word_1_121' title='bbox 1021 1547 1127 1611; x_wconf 89' lang='lat' dir='ltr'><strong>ventis</strong></span> 
     </span>
     <span class='ocr_line' id='line_1_16' title="bbox 73 1632 1127 1718; baseline -0.001 -19"><span class='ocrx_word' id='word_1_122' title='bbox 73 1657 103 1699; x_wconf 79' lang='lat'><strong>15</strong></span> <span class='ocrx_word' id='word_1_123' title='bbox 118 1632 311 1718; x_wconf 86' lang='lat' dir='ltr'><strong>subiectum,</strong></span> <span class='ocrx_word' id='word_1_124' title='bbox 340 1634 618 1717; x_wconf 87' lang='lat' dir='ltr'><strong>perturbationem</strong></span> <span class='ocrx_word' id='word_1_125' title='bbox 641 1633 755 1699; x_wconf 87' lang='lat' dir='ltr'><strong>cadere</strong></span> <span class='ocrx_word' id='word_1_126' title='bbox 783 1634 846 1699; x_wconf 91' lang='lat' dir='ltr'><strong>tibi</strong></span> <span class='ocrx_word' id='word_1_127' title='bbox 869 1633 980 1698; x_wconf 89' lang='lat' dir='ltr'><strong>dixisti</strong></span> <span class='ocrx_word' id='word_1_128' title='bbox 1002 1633 1127 1698; x_wconf 79' lang='lat' dir='ltr'><strong>videri?</strong></span> 
     </span>
     <span class='ocr_line' id='line_1_17' title="bbox 118 1719 1126 1806; baseline 0.001 -21"><span class='ocrx_word' id='word_1_129' title='bbox 118 1719 204 1797; x_wconf 84' lang='lat' dir='ltr'><strong>Quid</strong></span> <span class='ocrx_word' id='word_1_130' title='bbox 222 1724 280 1804; x_wconf 89' lang='lat' dir='ltr'><strong>est,</strong></span> <span class='ocrx_word' id='word_1_131' title='bbox 298 1720 384 1805; x_wconf 91' lang='lat' dir='ltr'><strong>quod</strong></span> <span class='ocrx_word' id='word_1_132' title='bbox 402 1723 528 1786; x_wconf 88' lang='lat' dir='ltr'><strong>tantam</strong></span> <span class='ocrx_word' id='word_1_133' title='bbox 547 1721 742 1806; x_wconf 82' lang='lat' dir='ltr'><strong>gravitatem</strong></span> <span class='ocrx_word' id='word_1_134' title='bbox 758 1721 1038 1805; x_wconf 72' lang='lat' dir='ltr'><strong>‚constantiamque</strong></span> <span class='ocrx_word' id='word_1_135' title='bbox 1056 1743 1126 1805; x_wconf 75' lang='lat' dir='ltr'><strong>par-</strong></span> 
     </span>
     <span class='ocr_line' id='line_1_18' title="bbox 115 1808 1127 1895; baseline 0.003 -23"><span class='ocrx_word' id='word_1_136' title='bbox 115 1808 249 1873; x_wconf 79' lang='lat' dir='ltr'><strong>turbet?</strong></span> <span class='ocrx_word' id='word_1_137' title='bbox 272 1830 314 1873; x_wconf 89' lang='lat' dir='ltr'><strong>an</strong></span> <span class='ocrx_word' id='word_1_138' title='bbox 337 1809 538 1893; x_wconf 78' lang='lat' dir='ltr'><strong>inprovisum</strong></span> <span class='ocrx_word' id='word_1_139' title='bbox 557 1810 679 1895; x_wconf 88' lang='lat' dir='ltr'><strong>aliquid</strong></span> <span class='ocrx_word' id='word_1_140' title='bbox 700 1812 757 1874; x_wconf 89' lang='lat' dir='ltr'><strong>aut</strong></span> <span class='ocrx_word' id='word_1_141' title='bbox 778 1809 1004 1892; x_wconf 79' lang='lat' dir='ltr'><strong>repentinum?</strong></span> <span class='ocrx_word' id='word_1_142' title='bbox 1042 1809 1127 1886; x_wconf 81' lang='lat' dir='ltr'><strong>Quid</strong></span> 
     </span>
     <span class='ocr_line' id='line_1_19' title="bbox 116 1896 1127 1982; baseline 0.001 -21"><span class='ocrx_word' id='word_1_143' title='bbox 116 1899 226 1981; x_wconf 87' lang='lat' dir='ltr'><strong>potest</strong></span> <span class='ocrx_word' id='word_1_144' title='bbox 244 1896 387 1962; x_wconf 87' lang='lat' dir='ltr'><strong>accidere</strong></span> <span class='ocrx_word' id='word_1_145' title='bbox 404 1897 470 1962; x_wconf 89' lang='lat' dir='ltr'><strong>tale</strong></span> <span class='ocrx_word' id='word_1_146' title='bbox 487 1897 532 1981; x_wconf 89' lang='lat' dir='ltr'><strong>ei,</strong></span> <span class='ocrx_word' id='word_1_147' title='bbox 555 1898 606 1962; x_wconf 92' lang='lat' dir='ltr'><strong>cui</strong></span> <span class='ocrx_word' id='word_1_148' title='bbox 629 1897 725 1980; x_wconf 91' lang='lat' dir='ltr'><strong>nihil,</strong></span> <span class='ocrx_word' id='word_1_149' title='bbox 747 1897 831 1982; x_wconf 92' lang='lat' dir='ltr'><strong>quod</strong></span> <span class='ocrx_word' id='word_1_150' title='bbox 849 1897 974 1962; x_wconf 92' lang='lat' dir='ltr'><strong>homini</strong></span> <span class='ocrx_word' id='word_1_151' title='bbox 998 1898 1127 1962; x_wconf 89' lang='lat' dir='ltr'><strong>evenire</strong></span> 
     </span>
     <span class='ocr_line' id='line_1_20' title="bbox 116 1985 1127 2070; baseline 0 -20"><span class='ocrx_word' id='word_1_152' title='bbox 116 1985 234 2069; x_wconf 90' lang='lat' dir='ltr'><strong>possit,</strong></span> <span class='ocrx_word' id='word_1_153' title='bbox 255 2005 320 2051; x_wconf 79' lang='lat' dir='ltr'><strong>ooo</strong></span> <span class='ocrx_word' id='word_1_154' title='bbox 335 1985 593 2068; x_wconf 77' lang='lat' dir='ltr'><strong>praemeditatum</strong></span> <span class='ocrx_word' id='word_1_155' title='bbox 610 1985 673 2051; x_wconf 73' lang='lat' dir='ltr'><strong>sit?</strong></span> <span class='ocrx_word' id='word_1_156' title='bbox 707 1985 794 2051; x_wconf 91' lang='lat' dir='ltr'><strong>Nam</strong></span> <span class='ocrx_word' id='word_1_157' title='bbox 813 1985 898 2070; x_wconf 88' lang='lat' dir='ltr'><strong>quod</strong></span> <span class='ocrx_word' id='word_1_158' title='bbox 916 1985 1007 2050; x_wconf 86' lang='lat' dir='ltr'><strong>aiunt</strong></span> <span class='ocrx_word' id='word_1_159' title='bbox 1024 1986 1127 2051; x_wconf 88' lang='lat' dir='ltr'><strong>nimia</strong></span> 
     </span>
     <span class='ocr_line' id='line_1_21' title="bbox 74 2073 1127 2159; baseline 0.001 -21"><span class='ocrx_word' id='word_1_160' title='bbox 74 2098 104 2138; x_wconf 84' lang='lat' dir='ltr'><strong>so</strong></span> <span class='ocrx_word' id='word_1_161' title='bbox 118 2073 258 2138; x_wconf 86' lang='lat' dir='ltr'><strong>resecari</strong></span> <span class='ocrx_word' id='word_1_162' title='bbox 281 2076 443 2158; x_wconf 85' lang='lat' dir='ltr'><strong>oportere,</strong></span> <span class='ocrx_word' id='word_1_163' title='bbox 465 2073 630 2139; x_wconf 87' lang='lat' dir='ltr'><strong>naturalia</strong></span> <span class='ocrx_word' id='word_1_164' title='bbox 647 2073 799 2159; x_wconf 91' lang='lat' dir='ltr'><strong>relinqui,</strong></span> <span class='ocrx_word' id='word_1_165' title='bbox 822 2073 898 2157; x_wconf 90' lang='lat' dir='ltr'><strong>quid</strong></span> <span class='ocrx_word' id='word_1_166' title='bbox 916 2074 1049 2139; x_wconf 90' lang='lat' dir='ltr'><strong>tandem</strong></span> <span class='ocrx_word' id='word_1_167' title='bbox 1071 2096 1127 2158; x_wconf 92' lang='lat' dir='ltr'><strong>po·</strong></span> 
     </span>
     <span class='ocr_line' id='line_1_22' title="bbox 118 2161 1127 2246; baseline 0.001 -21"><span class='ocrx_word' id='word_1_168' title='bbox 118 2164 184 2226; x_wconf 87' lang='lat' dir='ltr'><strong>test</strong></span> <span class='ocrx_word' id='word_1_169' title='bbox 211 2183 281 2226; x_wconf 90' lang='lat' dir='ltr'><strong>esse</strong></span> <span class='ocrx_word' id='word_1_170' title='bbox 308 2162 469 2245; x_wconf 88' lang='lat' dir='ltr'><strong>naturale,</strong></span> <span class='ocrx_word' id='word_1_171' title='bbox 501 2162 587 2246; x_wconf 91' lang='lat' dir='ltr'><strong>quod</strong></span> <span class='ocrx_word' id='word_1_172' title='bbox 617 2161 704 2227; x_wconf 92' lang='lat' dir='ltr'><strong>idem</strong></span> <span class='ocrx_word' id='word_1_173' title='bbox 736 2162 872 2227; x_wconf 88' lang='lat' dir='ltr'><strong>nimium</strong></span> <span class='ocrx_word' id='word_1_174' title='bbox 900 2182 969 2227; x_wconf 87' lang='lat' dir='ltr'><strong>esse</strong></span> <span class='ocrx_word' id='word_1_175' title='bbox 1000 2162 1127 2246; x_wconf 83' lang='lat' dir='ltr'><strong>possit?</strong></span> 
     </span>
     <span class='ocr_line' id='line_1_23' title="bbox 117 2247 1127 2337; baseline 0 -23"><span class='ocrx_word' id='word_1_176' title='bbox 117 2247 203 2314; x_wconf 81' lang='lat' dir='ltr'><strong>Sunt</strong></span> <span class='ocrx_word' id='word_1_177' title='bbox 220 2248 306 2314; x_wconf 92' lang='lat' dir='ltr'><strong>enim</strong></span> <span class='ocrx_word' id='word_1_178' title='bbox 325 2250 434 2314; x_wconf 90' lang='lat' dir='ltr'><strong>omnia</strong></span> <span class='ocrx_word' id='word_1_179' title='bbox 456 2251 521 2315; x_wconf 89' lang='lat' dir='ltr'><strong>ista</strong></span> <span class='ocrx_word' id='word_1_180' title='bbox 540 2270 579 2314; x_wconf 87' lang='lat' dir='ltr'><strong>ex</strong></span> <span class='ocrx_word' id='word_1_181' title='bbox 599 2272 743 2316; x_wconf 88' lang='lat' dir='ltr'><strong>errorum</strong></span> <span class='ocrx_word' id='word_1_182' title='bbox 762 2253 833 2337; x_wconf 85' lang='lat' dir='ltr'><strong>orta</strong></span> <span class='ocrx_word' id='word_1_183' title='bbox 850 2249 1022 2334; x_wconf 80' lang='lat' dir='ltr'><strong>radicibus,</strong></span> <span class='ocrx_word' id='word_1_184' title='bbox 1046 2272 1127 2335; x_wconf 90' lang='lat' dir='ltr'><strong>quae</strong></span> 
     </span>
     <span class='ocr_line' id='line_1_24' title="bbox 117 2336 1127 2422; baseline 0 -20"><span class='ocrx_word' id='word_1_185' title='bbox 117 2336 283 2402; x_wconf 88' lang='lat' dir='ltr'><strong>evellenda</strong></span> <span class='ocrx_word' id='word_1_186' title='bbox 315 2340 348 2402; x_wconf 87' lang='lat' dir='ltr'><strong>et</strong></span> <span class='ocrx_word' id='word_1_187' title='bbox 379 2337 576 2402; x_wconf 86' lang='lat' dir='ltr'><strong>extrahenda</strong></span> <span class='ocrx_word' id='word_1_188' title='bbox 606 2338 750 2422; x_wconf 90' lang='lat' dir='ltr'><strong>penitus,</strong></span> <span class='ocrx_word' id='word_1_189' title='bbox 777 2359 842 2402; x_wconf 92' lang='lat' dir='ltr'><strong>non</strong></span> <span class='ocrx_word' id='word_1_190' title='bbox 872 2337 1127 2403; x_wconf 86' lang='lat' dir='ltr'><strong>circumcidenda</strong></span> 
     </span>
     <span class='ocr_line' id='line_1_25' title="bbox 117 2426 1177 2544; baseline -0.004 -52"><span class='ocrx_word' id='word_1_191' title='bbox 117 2446 177 2492; x_wconf 90' lang='lat' dir='ltr'><strong>neo</strong></span> <span class='ocrx_word' id='word_1_192' title='bbox 200 2426 397 2510; x_wconf 88' lang='lat' dir='ltr'><strong>amputanda</strong></span> <span class='ocrx_word' id='word_1_193' title='bbox 420 2429 504 2490; x_wconf 88' lang='lat' dir='ltr'><strong>sunt.</strong></span> <span class='ocrx_word' id='word_1_194' title='bbox 1160 2483 1177 2544; x_wconf 65' lang='lat'><strong>7</strong></span> 
     </span>
     <span class='ocr_line' id='line_1_26' title="bbox 75 2483 1173 2608; baseline -0.005 -27"><span class='ocrx_word' id='word_1_195' title='bbox 75 2539 104 2581; x_wconf 75' lang='lat' dir='ltr'><strong>aa</strong></span> <span class='ocrx_word' id='word_1_196' title='bbox 186 2513 249 2580; x_wconf 81' lang='lat' dir='ltr'><strong>Sed</strong></span> <span class='ocrx_word' id='word_1_197' title='bbox 267 2515 420 2599; x_wconf 89' lang='lat' dir='ltr'><strong>quoniam</strong></span> <span class='ocrx_word' id='word_1_198' title='bbox 434 2514 581 2597; x_wconf 89' lang='lat' dir='ltr'><strong>suspicor</strong></span> <span class='ocrx_word' id='word_1_199' title='bbox 598 2516 630 2578; x_wconf 96' lang='lat' dir='ltr'><strong>te</strong></span> <span class='ocrx_word' id='word_1_200' title='bbox 644 2536 710 2579; x_wconf 92' lang='lat' dir='ltr'><strong>non</strong></span> <span class='ocrx_word' id='word_1_201' title='bbox 728 2517 797 2578; x_wconf 87' lang='lat' dir='ltr'><strong>tam</strong></span> <span class='ocrx_word' id='word_1_202' title='bbox 811 2511 850 2576; x_wconf 88' lang='lat' dir='ltr'><strong>dc</strong></span> <span class='ocrx_word' id='word_1_203' title='bbox 865 2512 1010 2595; x_wconf 86' lang='lat' dir='ltr'><strong>sapiente</strong></span> <span class='ocrx_word' id='word_1_204' title='bbox 1028 2534 1126 2597; x_wconf 88' lang='lat' dir='ltr'><strong>quam</strong></span> <span class='ocrx_word' id='word_1_205' title='bbox 1136 2483 1173 2608; x_wconf 61' lang='grc' dir='ltr'><strong>ΞΒ</strong></span> 
     </span>
     <span class='ocr_line' id='line_1_27' title="bbox 117 2600 1126 2687; baseline 0 -21"><span class='ocrx_word' id='word_1_206' title='bbox 117 2602 157 2666; x_wconf 91' lang='lat' dir='ltr'><strong>de</strong></span> <span class='ocrx_word' id='word_1_207' title='bbox 183 2606 217 2666; x_wconf 87' lang='lat' dir='ltr'><strong>te</strong></span> <span class='ocrx_word' id='word_1_208' title='bbox 243 2602 317 2686; x_wconf 91' lang='lat' dir='ltr'><strong>ipso</strong></span> <span class='ocrx_word' id='word_1_209' title='bbox 345 2623 497 2686; x_wconf 88' lang='lat' dir='ltr'><strong>quaerere</strong></span> <span class='ocrx_word' id='word_1_210' title='bbox 523 2600 631 2687; x_wconf 90' lang='lat' dir='ltr'><strong>(illum</strong></span> <span class='ocrx_word' id='word_1_211' title='bbox 655 2602 740 2666; x_wconf 90' lang='lat' dir='ltr'><strong>enim</strong></span> <span class='ocrx_word' id='word_1_212' title='bbox 767 2604 862 2685; x_wconf 90' lang='lat' dir='ltr'><strong>putas</strong></span> <span class='ocrx_word' id='word_1_213' title='bbox 887 2600 975 2666; x_wconf 92' lang='lat' dir='ltr'><strong>omni</strong></span> <span class='ocrx_word' id='word_1_214' title='bbox 1003 2602 1126 2683; x_wconf 85' lang='lat' dir='ltr'><strong>pertur-</strong></span> 
     </span>
     <span class='ocr_line' id='line_1_28' title="bbox 116 2687 1126 2775; baseline -0.002 -21"><span class='ocrx_word' id='word_1_215' title='bbox 116 2690 249 2756; x_wconf 86' lang='lat' dir='ltr'><strong>batione</strong></span> <span class='ocrx_word' id='word_1_216' title='bbox 274 2711 343 2754; x_wconf 90' lang='lat' dir='ltr'><strong>esse</strong></span> <span class='ocrx_word' id='word_1_217' title='bbox 366 2689 517 2770; x_wconf 88' lang='lat' dir='ltr'><strong>liberum,</strong></span> <span class='ocrx_word' id='word_1_218' title='bbox 540 2693 573 2754; x_wconf 87' lang='lat' dir='ltr'><strong>te</strong></span> <span class='ocrx_word' id='word_1_219' title='bbox 596 2687 672 2775; x_wconf 79' lang='lat' dir='ltr'><strong>vis),</strong></span> <span class='ocrx_word' id='word_1_220' title='bbox 702 2688 879 2771; x_wconf 88' lang='lat' dir='ltr'><strong>videamus,</strong></span> <span class='ocrx_word' id='word_1_221' title='bbox 906 2691 1028 2771; x_wconf 85' lang='lat' dir='ltr'><strong>quanta</strong></span> <span class='ocrx_word' id='word_1_222' title='bbox 1051 2689 1126 2772; x_wconf 90' lang='lat' dir='ltr'><strong>sint,</strong></span> 
     </span>
     <span class='ocr_line' id='line_1_29' title="bbox 117 2775 1126 2862; baseline -0.001 -20"><span class='ocrx_word' id='word_1_223' title='bbox 117 2799 199 2862; x_wconf 92' lang='lat' dir='ltr'><strong>quae</strong></span> <span class='ocrx_word' id='word_1_224' title='bbox 221 2799 243 2842; x_wconf 84' lang='lat' dir='ltr'><strong>a</strong></span> <span class='ocrx_word' id='word_1_225' title='bbox 264 2777 471 2862; x_wconf 88' lang='lat' dir='ltr'><strong>philosophia</strong></span> <span class='ocrx_word' id='word_1_226' title='bbox 488 2777 631 2842; x_wconf 90' lang='lat' dir='ltr'><strong>remedia</strong></span> <span class='ocrx_word' id='word_1_227' title='bbox 651 2777 773 2841; x_wconf 91' lang='lat' dir='ltr'><strong>morbis</strong></span> <span class='ocrx_word' id='word_1_228' title='bbox 792 2777 975 2841; x_wconf 87' lang='lat' dir='ltr'><strong>animorum</strong></span> <span class='ocrx_word' id='word_1_229' title='bbox 994 2775 1126 2841; x_wconf 90' lang='lat' dir='ltr'><strong>adhibe-</strong></span> 
     </span>
     <span class='ocr_line' id='line_1_30' title="bbox 119 2863 1126 2950; baseline -0.002 -20"><span class='ocrx_word' id='word_1_230' title='bbox 119 2869 223 2930; x_wconf 88' lang='lat' dir='ltr'><strong>antur.</strong></span> <span class='ocrx_word' id='word_1_231' title='bbox 270 2864 334 2930; x_wconf 80' lang='lat' dir='ltr'><strong>Flst</strong></span> <span class='ocrx_word' id='word_1_232' title='bbox 360 2866 445 2930; x_wconf 90' lang='lat' dir='ltr'><strong>cnim</strong></span> <span class='ocrx_word' id='word_1_233' title='bbox 473 2866 630 2950; x_wconf 88' lang='lat' dir='ltr'><strong>quaedam</strong></span> <span class='ocrx_word' id='word_1_234' title='bbox 657 2863 815 2930; x_wconf 89' lang='lat' dir='ltr'><strong>medicina</strong></span> <span class='ocrx_word' id='word_1_235' title='bbox 841 2866 942 2948; x_wconf 87' lang='lat' dir='ltr'><strong>certa,</strong></span> <span class='ocrx_word' id='word_1_236' title='bbox 968 2885 1027 2928; x_wconf 90' lang='lat' dir='ltr'><strong>neo</strong></span> <span class='ocrx_word' id='word_1_237' title='bbox 1057 2869 1126 2929; x_wconf 92' lang='lat' dir='ltr'><strong>tam</strong></span> 
     </span>
     <span class='ocr_line' id='line_1_31' title="bbox 78 2952 1126 3038; baseline -0.004 -18"><span class='ocrx_word' id='word_1_238' title='bbox 78 2977 106 3020; x_wconf 83' lang='lat' dir='ltr'><strong>ao</strong></span> <span class='ocrx_word' id='word_1_239' title='bbox 118 2953 182 3018; x_wconf 86' lang='lat' dir='ltr'><strong>fuit</strong></span> <span class='ocrx_word' id='word_1_240' title='bbox 202 2953 371 3019; x_wconf 91' lang='lat' dir='ltr'><strong>hominum</strong></span> <span class='ocrx_word' id='word_1_241' title='bbox 394 2954 506 3038; x_wconf 84' lang='lat' dir='ltr'><strong>generi</strong></span> <span class='ocrx_word' id='word_1_242' title='bbox 528 2954 654 3018; x_wconf 88' lang='lat' dir='ltr'><strong>infensa</strong></span> <span class='ocrx_word' id='word_1_243' title='bbox 672 2955 769 3036; x_wconf 87' lang='lat' dir='ltr'><strong>atquc</strong></span> <span class='ocrx_word' id='word_1_244' title='bbox 786 2952 918 3016; x_wconf 89' lang='lat' dir='ltr'><strong>inimica</strong></span> <span class='ocrx_word' id='word_1_245' title='bbox 939 2955 1066 3034; x_wconf 83' lang='lat' dir='ltr'><strong>natura,</strong></span> <span class='ocrx_word' id='word_1_246' title='bbox 1089 2956 1126 3016; x_wconf 87' lang='lat' dir='ltr'><strong>ut</strong></span> 
     </span>
     <span class='ocr_line' id='line_1_32' title="bbox 117 3039 1124 3125; baseline -0.004 -18"><span class='ocrx_word' id='word_1_247' title='bbox 117 3041 305 3125; x_wconf 85' lang='lat' dir='ltr'><strong>corporibus</strong></span> <span class='ocrx_word' id='word_1_248' title='bbox 328 3044 380 3106; x_wconf 89' lang='lat' dir='ltr'><strong>tot</strong></span> <span class='ocrx_word' id='word_1_249' title='bbox 401 3062 453 3106; x_wconf 89' lang='lat' dir='ltr'><strong>res</strong></span> <span class='ocrx_word' id='word_1_250' title='bbox 476 3040 639 3123; x_wconf 90' lang='lat' dir='ltr'><strong>salutaris,</strong></span> <span class='ocrx_word' id='word_1_251' title='bbox 663 3041 779 3104; x_wconf 92' lang='lat' dir='ltr'><strong>animis</strong></span> <span class='ocrx_word' id='word_1_252' title='bbox 801 3039 926 3104; x_wconf 90' lang='lat' dir='ltr'><strong>nullam</strong></span> <span class='ocrx_word' id='word_1_253' title='bbox 953 3039 1124 3124; x_wconf 82' lang='lat' dir='ltr'><strong>invenerit3</strong></span> 
     </span>
     <span class='ocr_line' id='line_1_33' title="bbox 116 3127 1126 3213; baseline -0.004 -19"><span class='ocrx_word' id='word_1_254' title='bbox 116 3129 157 3194; x_wconf 87' lang='lat' dir='ltr'><strong>dc</strong></span> <span class='ocrx_word' id='word_1_255' title='bbox 187 3130 301 3213; x_wconf 91' lang='lat' dir='ltr'><strong>quibus</strong></span> <span class='ocrx_word' id='word_1_256' title='bbox 331 3129 393 3194; x_wconf 92' lang='lat' dir='ltr'><strong>hoc</strong></span> <span class='ocrx_word' id='word_1_257' title='bbox 423 3129 522 3193; x_wconf 91' lang='lat' dir='ltr'><strong>etiam</strong></span> <span class='ocrx_word' id='word_1_258' title='bbox 554 3130 603 3192; x_wconf 90' lang='lat' dir='ltr'><strong>est</strong></span> <span class='ocrx_word' id='word_1_259' title='bbox 631 3127 747 3192; x_wconf 87' lang='lat' dir='ltr'><strong>merita</strong></span> <span class='ocrx_word' id='word_1_260' title='bbox 781 3128 908 3211; x_wconf 88' lang='lat' dir='ltr'><strong>melius,</strong></span> <span class='ocrx_word' id='word_1_261' title='bbox 941 3127 1026 3211; x_wconf 90' lang='lat' dir='ltr'><strong>qnod</strong></span> <span class='ocrx_word' id='word_1_262' title='bbox 1058 3148 1126 3191; x_wconf 89' lang='lat' dir='ltr'><strong>cor·</strong></span> 
     </span>
     <span class='ocr_line' id='line_1_34' title="bbox 117 3215 1126 3301; baseline -0.003 -20"><span class='ocrx_word' id='word_1_263' title='bbox 117 3233 232 3301; x_wconf 88' lang='lat' dir='ltr'><strong>porum</strong></span> <span class='ocrx_word' id='word_1_264' title='bbox 264 3217 449 3282; x_wconf 85' lang='lat' dir='ltr'><strong>adiumenta</strong></span> <span class='ocrx_word' id='word_1_265' title='bbox 480 3215 674 3282; x_wconf 88' lang='lat' dir='ltr'><strong>adhibentur</strong></span> <span class='ocrx_word' id='word_1_266' title='bbox 704 3216 913 3298; x_wconf 84' lang='lat' dir='ltr'><strong>extrinsecus,</strong></span> <span class='ocrx_word' id='word_1_267' title='bbox 947 3215 1126 3278; x_wconf 90' lang='lat' dir='ltr'><strong>animorum</strong></span> 
     </span>
     <span class='ocr_line' id='line_1_35' title="bbox 119 3301 1126 3388; baseline -0.004 -18"><span class='ocrx_word' id='word_1_268' title='bbox 119 3305 205 3371; x_wconf 88' lang='lat' dir='ltr'><strong>salus</strong></span> <span class='ocrx_word' id='word_1_269' title='bbox 227 3304 353 3370; x_wconf 88' lang='lat' dir='ltr'><strong>inclusa</strong></span> <span class='ocrx_word' id='word_1_270' title='bbox 376 3305 410 3369; x_wconf 93' lang='lat' dir='ltr'><strong>in</strong></span> <span class='ocrx_word' id='word_1_271' title='bbox 432 3304 484 3369; x_wconf 90' lang='lat' dir='ltr'><strong>his</strong></span> <span class='ocrx_word' id='word_1_272' title='bbox 508 3303 588 3388; x_wconf 85' lang='lat' dir='ltr'><strong>ipsis</strong></span> <span class='ocrx_word' id='word_1_273' title='bbox 611 3307 669 3367; x_wconf 89' lang='lat' dir='ltr'><strong>est.</strong></span> <span class='ocrx_word' id='word_1_274' title='bbox 715 3301 777 3367; x_wconf 86' lang='lat' dir='ltr'><strong>Sed</strong></span> <span class='ocrx_word' id='word_1_275' title='bbox 806 3325 869 3387; x_wconf 91' lang='lat' dir='ltr'><strong>quo</strong></span> <span class='ocrx_word' id='word_1_276' title='bbox 893 3302 998 3366; x_wconf 86' lang='lat' dir='ltr'><strong>maior</strong></span> <span class='ocrx_word' id='word_1_277' title='bbox 1020 3305 1070 3366; x_wconf 90' lang='lat' dir='ltr'><strong>est</strong></span> <span class='ocrx_word' id='word_1_278' title='bbox 1092 3302 1126 3366; x_wconf 90' lang='lat' dir='ltr'><strong>in</strong></span> 
     </span>
    </p>
   </div>
   <div class='ocr_carea' id='block_1_3' title="bbox 79 3389 1177 3654">
    <p class='ocr_par' dir='ltr' id='par_1_3' title="bbox 79 3389 1177 3654">
     <span class='ocr_line' id='line_1_36' title="bbox 79 3389 1126 3477; baseline -0.007 -18"><span class='ocrx_word' id='word_1_279' title='bbox 79 3414 106 3459; x_wconf 73' lang='lat' dir='ltr'><strong>aa</strong></span> <span class='ocrx_word' id='word_1_280' title='bbox 119 3394 164 3459; x_wconf 90' lang='lat' dir='ltr'><strong>eis</strong></span> <span class='ocrx_word' id='word_1_281' title='bbox 190 3393 391 3477; x_wconf 85' lang='lat' dir='ltr'><strong>praestantia</strong></span> <span class='ocrx_word' id='word_1_282' title='bbox 419 3397 452 3456; x_wconf 91' lang='lat' dir='ltr'><strong>et</strong></span> <span class='ocrx_word' id='word_1_283' title='bbox 479 3391 632 3474; x_wconf 87' lang='lat' dir='ltr'><strong>divinior,</strong></span> <span class='ocrx_word' id='word_1_284' title='bbox 663 3411 701 3455; x_wconf 92' lang='lat' dir='ltr'><strong>eo</strong></span> <span class='ocrx_word' id='word_1_285' title='bbox 730 3391 851 3456; x_wconf 91' lang='lat' dir='ltr'><strong>maiore</strong></span> <span class='ocrx_word' id='word_1_286' title='bbox 877 3389 1023 3473; x_wconf 83' lang='lat' dir='ltr'><strong>indigent</strong></span> <span class='ocrx_word' id='word_1_287' title='bbox 1055 3389 1126 3452; x_wconf 93' lang='lat' dir='ltr'><strong>dili-</strong></span> 
     </span>
     <span class='ocr_line' id='line_1_37' title="bbox 118 3477 1125 3567; baseline -0.005 -21"><span class='ocrx_word' id='word_1_288' title='bbox 118 3482 237 3567; x_wconf 85' lang='lat' dir='ltr'><strong>gentia.</strong></span> <span class='ocrx_word' id='word_1_289' title='bbox 272 3479 386 3565; x_wconf 90' lang='lat' dir='ltr'><strong>Itaque</strong></span> <span class='ocrx_word' id='word_1_290' title='bbox 408 3481 490 3544; x_wconf 92' lang='lat' dir='ltr'><strong>bene</strong></span> <span class='ocrx_word' id='word_1_291' title='bbox 513 3479 660 3544; x_wconf 90' lang='lat' dir='ltr'><strong>adhibita</strong></span> <span class='ocrx_word' id='word_1_292' title='bbox 681 3479 766 3543; x_wconf 85' lang='lat' dir='ltr'><strong>ratio</strong></span> <span class='ocrx_word' id='word_1_293' title='bbox 790 3479 906 3561; x_wconf 88' lang='lat' dir='ltr'><strong>cernit,</strong></span> <span class='ocrx_word' id='word_1_294' title='bbox 932 3477 1008 3562; x_wconf 92' lang='lat' dir='ltr'><strong>quid</strong></span> <span class='ocrx_word' id='word_1_295' title='bbox 1034 3480 1125 3560; x_wconf 91' lang='lat' dir='ltr'><strong>optu-</strong></span> 
     </span>
     <span class='ocr_line' id='line_1_38' title="bbox 118 3563 1177 3654; baseline -0.001 -20"><span class='ocrx_word' id='word_1_296' title='bbox 118 3592 205 3635; x_wconf 88' lang='lat' dir='ltr'><strong>mum</strong></span> <span class='ocrx_word' id='word_1_297' title='bbox 229 3570 285 3654; x_wconf 91' lang='lat' dir='ltr'><strong>sit,</strong></span> <span class='ocrx_word' id='word_1_298' title='bbox 307 3568 454 3654; x_wconf 84' lang='lat' dir='ltr'><strong>neglecta</strong></span> <span class='ocrx_word' id='word_1_299' title='bbox 476 3567 587 3633; x_wconf 89' lang='lat' dir='ltr'><strong>multis</strong></span> <span class='ocrx_word' id='word_1_300' title='bbox 610 3567 795 3651; x_wconf 88' lang='lat' dir='ltr'><strong>implicatur</strong></span> <span class='ocrx_word' id='word_1_301' title='bbox 816 3565 986 3632; x_wconf 89' lang='lat' dir='ltr'><strong>erroribus.</strong></span> <span class='ocrx_word' id='word_1_302' title='bbox 1022 3563 1073 3628; x_wconf 90' lang='lat' dir='ltr'><strong>Ad</strong></span> <span class='ocrx_word' id='word_1_303' title='bbox 1092 3567 1125 3629; x_wconf 90' lang='lat' dir='ltr'><strong>te</strong></span> <span class='ocrx_word' id='word_1_304' title='bbox 1143 3582 1177 3633; x_wconf 80' lang='lat'><strong>59</strong></span> 
     </span>
    </p>
   </div>
   <div class='ocr_carea' id='block_1_4' title="bbox 0 0 1276 3952">
    <p class='ocr_par' dir='ltr' id='par_1_4' title="bbox 0 0 1276 3952">
     <span class='ocr_line' id='line_1_39' title="bbox 0 0 1276 3952; baseline 0 0"><span class='ocrx_word' id='word_1_305' title='bbox 0 0 1276 3952; x_wconf 95' lang='lat' dir='ltr'><strong> </strong></span> 
     </span>
    </p>
   </div>
  </div>
 </body>
</html>
