2564 3950
377 214 445 268 LIB.
464 215 485 268 I.
514 213 591 270 CAP.
612 220 732 271 15—17.
761 222 775 282 ἓ
794 224 915 272 34-40.
1082 221 1150 285 293

139 371 274 458 odacro,
296 375 372 442 inde
391 398 442 460 ea,
464 399 547 460 quae
566 399 656 442 meus
680 377 800 444 amicus
820 377 945 464 Appius
968 405 1150 466 νεκυομαν-

139 475 211 528 τεῖα
234 464 388 548 faciebat,
411 465 485 530 inde
508 465 543 532 in
565 466 682 530 vicinia
703 470 818 534 nostra
839 468 959 534 Averni
982 471 1084 556 lacus,

156 591 158 600 '
207 570 315 652 Unde
361 588 508 652 animae
555 590 775 654 excitantur
816 591 976 657 obscura
1016 596 1150 660 rimbra

222 747 232 764 Ι
721 683 875 762 opertae
899 703 935 748 es
958 683 1060 748 ostio

207 765 322 830 Altae
345 764 596 849 Acheruntis,
620 767 723 832 salso
747 769 947 854 sanguine,

113 905 299 990 simagines
322 910 532 972 mortuorum.
575 906 644 972 Has
668 913 778 974 tamen
800 910 958 996 imagines
982 913 1072 996 loqui
1093 937 1149 979 ro·

140 995 226 1078 lunt,
253 996 337 1078 quod
365 995 435 1060 fieri
461 1017 521 1062 neo
543 996 613 1062 sine
639 997 751 1082 lingua
777 1019 837 1062 nec
864 1000 933 1064 sine
958 1001 1068 1084 palato
1090 1024 1150 1068 nec

140 1083 211 1147 sine
234 1083 387 1168 faucium,
410 1083 562 1166 laterum,
585 1085 774 1168 pulmonum
797 1089 829 1152 ri
852 1091 885 1152 et
906 1089 1011 1173 figura
1033 1093 1150 1174 potest.

139 1169 233 1236 Nihil
261 1173 346 1238 enim
375 1172 483 1237 animo
510 1172 617 1238 videre
644 1178 809 1258 poterant,
837 1176 878 1242 ad
906 1177 1018 1244 oculos
1041 1180 1150 1244 omnia

139 1259 331 1326 referebant.
369 1259 482 1346 Magni
501 1264 611 1326 autem
629 1265 680 1326 est
697 1263 820 1348 ingenii
839 1286 989 1332 sevocare
1008 1269 1148 1332 mentem
1168 1281 1201 1329 38

97 1375 123 1414 ιο
139 1371 160 1412 a
183 1349 332 1414 sensibus
356 1353 390 1412 et
412 1349 643 1433 cogitationem
665 1350 707 1416 ab
729 1353 960 1420 consuetudine
984 1355 1149 1420 abducere.

138 1436 254 1520 Itaque
287 1437 379 1502 credo
412 1437 560 1520 equidem
587 1438 686 1504 etiam
714 1440 794 1506 alios
826 1444 877 1507 tot
904 1443 1052 1526 saeculis,
1085 1445 1149 1526 sed,

140 1525 226 1610 quod
253 1525 369 1592 litteris
393 1529 510 1610 exstet,
536 1525 735 1611 Pherecydes
760 1526 873 1612 Syrius
901 1531 1042 1613 primum
1068 1531 1150 1597 dixit

140 1613 267 1680 animos
299 1635 369 1680 esse
405 1614 572 1680 hominum
604 1616 834 1701 sempiternos,
871 1619 1021 1702 antiquus
1059 1641 1149 1702 sane3

139 1701 203 1766 fuit
234 1701 320 1768 enim
352 1723 424 1767 meo
460 1707 617 1786 regnante
653 1704 776 1789 gentili.
834 1703 928 1771 Hanc
965 1707 1149 1790 opinionem

96 1817 124 1857 ιε»
140 1789 316 1874 discipulus
343 1791 413 1856 eius
439 1790 644 1878 Pythagoras
674 1793 813 1858 maxime
845 1793 1060 1878 confirmarit3
1092 1797 1148 1879 qui

139 1901 214 1943 cum
246 1877 390 1962 Superbo
426 1883 582 1964 regnante
618 1881 652 1946 in
688 1879 818 1946 Italiam
854 1883 1009 1966 venisset,
1045 1885 1150 1949 tenuit

139 1987 293 2052 magnam
333 1968 430 2042 illam,
460 1967 628 2034 Graeciam
667 1991 740 2034 cum
777 1970 925 2052 [honore]
968 1971 1148 2056 disciplina,

138 2059 209 2121 tum
240 2055 339 2120 etiam
369 2058 575 2141 auctoritate,
606 2059 771 2142 multaque
801 2059 929 2124 saecula
959 2063 1074 2142 postea
1103 2061 1149 2126 sic

7 2191 9 2220 ,
141 2144 245 2229 viguit
262 2144 542 2230 Pythagoreorum
561 2167 691 2226 nomen,
714 2150 751 2212 ut
769 2147 852 2212 nulli
873 2147 930 2212 alii
953 2149 1039 2213 docti
1061 2148 1146 2213 vide·

7 2299 8 2312 ,
60 2269 62 2272 ·
98 2259 125 2298 ao
139 2235 262 2300 rentur.

206 2319 268 2385 Sed
295 2322 389 2386 redeo
418 2322 458 2386 ad
487 2323 647 2406 antiquos.
695 2323 867 2390 Rationem
894 2325 944 2388 illi
968 2325 1147 2389 sententiae
1160 2326 1200 2390 17

140 2431 218 2474 suae
241 2431 307 2474 non
335 2409 402 2475 fere
425 2410 614 2493 reddebant,
640 2411 705 2476 nisi
732 2411 808 2494 quid
832 2417 902 2478 erat
924 2413 1067 2476 numeris
1092 2417 1149 2477 aut

140 2497 411 2581 descriptionibus
448 2499 680 2582 explicandum.
740 2498 912 2564 Platonem
950 2500 1072 2578 ferimt,
1111 2504 1149 2565 ut
1167 2518 1200 2566 39

139 2584 363 2670 Pythagoreos
395 2591 617 2672 cognosceret,
650 2588 685 2652 in
715 2586 846 2652 Italiam
878 2588 1004 2652 venisse
1024 2591 1069 2652 -et
1101 2587 1148 2652 di—

99 2699 126 2740 as
140 2673 255 2738 dicisse
284 2673 493 2760 Pythagorea
524 2676 635 2740 omnia
664 2675 866 2759 primumque
897 2677 936 2741 de
968 2677 1148 2742 animorum

7 2757 8 2800 l
141 2763 331 2827 aeternitate
344 2784 410 2828 non
425 2764 530 2829 solum
547 2764 685 2829 sensisse
704 2764 799 2842 idem,
819 2765 904 2848 quod
917 2762 1148 2850 Pythagoram,

142 2851 199 2914 sed
220 2851 380 2916 rationem
404 2852 502 2916 etiam
525 2853 683 2918 attulisse.
728 2851 845 2936 Quam,
871 2853 935 2918 nisi
960 2853 1037 2936 quid
1060 2853 1149 2935 dicis,

140 2939 436 3022 praetermittamus
469 2944 502 3004 et
532 2941 617 3006 hano
646 2945 753 3006 totam
785 2962 876 3025 spem
905 2940 1148 3006 inmortalitatis

7 3095 9 3120 ᾧ
139 3027 368 3111 relinquamus.

7 3153 9 3202 4
99 3141 127 3180 ao
207 3116 248 3180 A.
279 3116 333 3182 An
363 3119 401 3180 tu
432 3139 505 3182 oum
536 3139 587 3182 me
618 3118 654 3182 in
686 3139 844 3186 summam
874 3116 1148 3199 exspectationem

7 3203 8 3240 ³
140 3202 327 3288 adduxeris,
366 3204 510 3270 deseris?
571 3205 690 3270 Errare
731 3204 913 3270 mehercule
953 3204 1039 3269 malo
1077 3223 1148 3267 cum

139 3291 290 3375 Platone,
313 3313 408 3376 quem
430 3297 468 3357 tu
490 3294 602 3377 quanti
615 3293 725 3360 facias
750 3292 831 3375 scio,
856 3296 1006 3375 atquem
1029 3312 1067 3354 ex
1090 3289 1147 3354 tuo

140 3401 194 3444 ore
217 3379 371 3464 admiror,
396 3403 494 3464 quam
517 3403 590 3446 oum
612 3382 685 3446 istis
708 3403 785 3446 vera
807 3380 936 3445 sentire.

206 3469 255 3534 M.
276 3467 384 3534 Macte
406 3470 537 3534 virtute!
566 3491 627 3556 ego
651 3470 737 3534 enim
759 3469 830 3552 ipse
853 3489 925 3532 cum
948 3466 1059 3531 eodem
1082 3465 1145 3530 isto
1165 3486 1200 3534 40

98 3581 125 3622 ee
139 3578 205 3622 non
233 3557 355 3621 invitus
382 3557 562 3622 erraverim.
613 3556 702 3623 Num
734 3557 834 3642 igitur
865 3552 1072 3620 dubitamus?
1105 3575 1148 3618 an
