2568 3948
354 227 422 281 LIB.
441 227 486 282 lv.
516 227 592 283 CAP.
614 234 660 298 ιι,
680 234 721 282 12.
751 233 905 292 sao-31.
1066 229 1131 293 213

191 387 249 454 Sin
272 389 384 453 dicunt
369 389 571 454 tobscurari
597 390 753 473 quaedam
777 411 836 458 nec
859 411 1027 473 apparere,
1055 391 1132 474 quia

118 474 231 541 valde
240 499 342 558 parva
365 477 443 560 sint,
465 499 525 542 nos
549 499 675 561 quoque
699 476 917 578 concedimus3
946 479 1030 561 qnod
1054 479 1132 543 dicit

117 565 284 648 Epicurus
309 565 407 628 etiam
434 526 474 628 de
496 565 677 648 voluptate,
706 587 786 648 quae
809 565 962 629 minimae
989 567 1055 630 sint
1077 588 1132 630 vo·

119 653 278 754 luptates,
308 675 362 716 eas
386 654 552 717 obscurari
577 675 672 736 saepe
696 657 728 717 et
752 653 854 718 obrui
891 652 952 718 Sed
972 674 1039 718 non
1058 658 1133 718 sunt

90 742 157 804 sin
191 762 228 805 eo
262 744 424 824 generet
426 745 521 806 antae
554 741 728 805 commedit
714 743 798 806 tates
814 741 970 824 corporis
1001 745 1133 825 tamque

119 829 301 912 productae
324 829 524 911 temporibus
547 832 678 912 tamque
701 830 831 893 multae.
869 827 983 913 Itaque
1006 829 1041 892 in
1064 830 1132 912 qui-

119 918 184 981 bus
203 919 338 999 propter
356 937 466 981 eorum
486 917 697 1001 exiguitatem
715 917 901 981 obscuratio
918 917 1133 999 consequitur,

121 1025 220 1086 saepe
246 1003 374 1088 accidit,
397 1008 434 1068 ut
456 1005 539 1068 nihil
563 1004 719 1068 interesse
740 1007 853 1069 nostra
874 1004 1044 1086 fateamur,
1067 1004 1134 1069 sint

123 1092 182 1156 illa
200 1113 300 1156 necne
324 1091 401 1175 sint,
423 1095 460 1156 ut
478 1092 513 1156 in
531 1092 612 1176 sole,
634 1091 721 1176 quod
740 1114 759 1157 ι
776 1093 809 1155 ιι
829 1092 1009 1176 dicebatur,
1030 1092 1132 1156 lucer-

79 1207 107 1247 ιο
120 1203 201 1244 nam
234 1180 386 1244 adhibere
405 1181 500 1254 nihil
536 1180 670 1244 interest
701 1185 758 1244 aut
790 1180 971 1244 teruncium
1008 1180 1131 1244 adicere

122 1267 236 1333 Croesi
263 1268 425 1351 pecuniae.
475 1267 598 1343 Quibus
627 1271 735 1332 autem
767 1269 801 1334 ιιι
829 1269 925 1333 rebus
955 1271 1049 1332 tanta
1076 1269 1132 1332 ob·
1152 1285 1186 1334 30
1275 1307 1276 1330 ι

122 1357 263 1421 scuratio
282 1377 348 1421 non
365 1357 418 1434 fit,
436 1356 506 1420 fieri
523 1361 634 1420 tamen
651 1358 774 1439 potest,
796 1360 833 1420 ιιι
850 1356 883 1420 id
902 1356 1022 1439 ipsum,
1046 1357 1133 1439 quod
1275 1365 1276 1370 ’

121 1445 273 1526 interest,
295 1465 360 1508 non
384 1445 428 1508 sit
445 1463 608 1528 magnum.
645 1442 691 1508 Ut
714 1444 757 1526 ei,
780 1444 834 1527 qui
858 1443 994 1507 iucunde
1017 1445 1133 1508 vixerit

122 1553 227 1597 annos
246 1532 370 1614 decem,
393 1533 421 1596 si
439 1552 541 1616 aeque
559 1532 628 1596 vita
645 1531 783 1596 iucunda
801 1535 966 1595 menstrua
986 1531 1133 1614 addatur,

81 1648 108 1688 15
124 1621 201 1704 qnia
218 1623 417 1685 momentum
435 1619 567 1704 aliquod
584 1619 704 1683 habeat
727 1619 766 1684 ad
790 1619 963 1683 iucundum
982 1620 1133 1702 accessis,

123 1709 245 1772 bonum
270 1709 324 1791 sit3
349 1709 455 1772 sit
399 1711 455 1772 aut
456 1730 507 1772 em
529 1707 562 1771 id
581 1729 647 1772 non
665 1706 873 1789 concedatur,
894 1727 960 1771 non
979 1707 1131 1771 contiuuo

123 1797 192 1860 vita
218 1797 316 1860 beata
338 1797 475 1861 tollitur.
520 1795 613 1861 Bona
636 1798 744 1859 autem
771 1795 915 1877 eorporis
943 1794 1018 1858 huic
1048 1800 1133 1878 sunt,

124 1885 210 1968 quod
238 1885 398 1967 posterius
421 1885 530 1985 posui,
554 1883 720 1948 similiora.
765 1881 896 1946 Habent
918 1881 1003 1945 enim
1027 1903 1132 1946 acces-

125 1973 250 2037 sionem
277 1972 421 2072 digqam,
454 1973 488 2036 in
519 1993 582 2054 qua
610 1970 755 2035 elaboret
741 1974 805 2049 t,ur
833 1972 871 2034 ut
856 1969 1019 2033 tmihi'
1009 1989 1056 2034 m
1070 1970 1133 2034 hoc

84 2089 110 2128 ao
125 2059 262 2125 Stoici
252 2061 353 2125 iocari
380 2060 510 2124 videant
511 2081 549 2122 ur
576 2059 625 2124 ιιιι
610 2059 749 2136 ι,ιιιιιιιιι
779 2079 851 2122 cum
879 2057 926 2122 ιιι
953 2057 1074 2140 dicant,
1105 2058 1133 2122 si

125 2149 165 2213 ad
192 2148 285 2212 illam
311 2148 427 2230 vitam,
455 2169 536 2232 quae
565 2168 638 2211 cum
665 2147 784 2211 virtute
812 2146 959 2228 degatur,
984 2108 1133 2227 ampirlla

126 2239 182 2301 aut
200 2236 337 2320 strigilis
358 2235 500 2318 accedat,
519 2239 724 2318 sumpturum
743 2235 922 2317 sapientem
940 2255 1012 2296 eam
1032 2234 1133 2297 vitam

124 2325 246 2408 potius,
274 2343 337 2406 quo
365 2323 445 2388 haec
473 2323 598 2386 adiecta
625 2323 705 2406 sint,
729 2343 788 2386 nec
817 2322 995 2386 beatiorem
1021 2324 1133 2384 tamen

126 2413 167 2476 ob
198 2433 270 2476 eam
298 2433 428 2476 causam
456 2411 534 2474 fore.
578 2409 651 2475 Hoc
679 2373 784 2474 simila
810 2409 940 2472 tandem
969 2411 1039 2470 est?
1067 2430 1133 2473 non
1151 2426 1184 2476 31

87 2529 112 2568 aa
125 2501 192 2564 risu
214 2500 323 2584 potius
347 2521 443 2582 qnam
466 2499 611 2563 oratione
633 2494 832 2562 eiciendum?
868 2495 1024 2577 Ampulla
1047 2495 1133 2559 enim

18 2615 20 2620 ·
128 2589 170 2652 sit
200 2609 299 2652 necne
332 2588 387 2668 sit,
419 2587 491 2670 quis
523 2608 590 2651 non
620 2585 689 2649 iure
721 2585 844 2667 optimo
882 2582 1068 2666 irrideatur,
1104 2584 1133 2647 si

126 2676 272 2740 laboret?
323 2674 369 2738 At
394 2696 471 2739 vero
498 2674 671 2760 pravitate
686 2672 906 2736 membrorum
935 2675 968 2734 ιι
990 2633 1133 2735 cruciatu

127 2763 323 2829 dolorum
298 2785 326 2826 ιι
353 2763 424 2846 quis
453 2784 548 2846 quem
570 2762 655 2826 levet
641 2765 849 2844 tmagnam
871 2758 961 2822 ineat
983 2763 1057 2842 grat
1058 2759 1134 2842 iarn,

126 2872 184 2916 nee
208 2851 237 2916 si
258 2851 313 2914 ille
337 2850 466 2932 sapiens
490 2850 532 2914 ad
554 2811 688 2914 tortoris
711 2847 855 2912 eculeum
879 2869 898 2910 ι
925 2847 1096 2929 tyranno
1085 2868 1133 2910 ιιι

89 2966 114 3007 ιι
127 2943 274 3024 cogatur,
297 2938 437 3003 similem
460 2937 581 3002 habeat
603 2938 674 3001 vult
660 2942 729 3000 tum
752 2939 786 3002 et
810 2935 838 2999 si
862 2934 1039 3085 ampullam
1062 2955 1132 3017 per

128 3028 273 3109 didisset,
246 3025 357 3090 tsed
379 3029 416 3089 ut
439 3045 592 3126 magnum
617 3029 649 3088 et
676 3023 807 3088 difficile
831 3026 994 3087 certamen
1019 3021 1134 3100 iniens,

128 3137 198 3180 cum
226 3115 289 3180 sibi
317 3135 390 3178 cum
418 3117 504 3196 capit
481 3113 549 3176 tali
577 3112 775 3194 adversario,
805 3110 928 3192 dolore,
952 3110 1134 3193 depugnan-

38 3266 43 3278 ,
128 3202 202 3268 dum
225 3203 363 3284 videret,
391 3201 546 3266 excitaret
568 3221 679 3265 omnes
702 3199 845 3264 rationes
873 3161 1072 3263 fortitudinis
1096 3217 1133 3260 ac

127 3291 314 3374 patientiae,
342 3311 478 3374 quarum
505 3287 703 3372 praesidio
694 3287 793 3351 miret
779 3285 951 3351 tdifficile
979 3281 1073 3364 illud,
1097 3288 1134 3347 ut

91 3405 115 3445 aa
129 3379 206 3461 dixi,
235 3398 452 3462 magnumque
479 3375 648 3477 proelium.
697 3374 823 3439 Deinde
845 3394 911 3438 non
941 3370 1133 3455 quaerimus,

128 3429 206 3550 quid
226 3467 415 3530 obscuretur
438 3465 526 3530 ant
517 3486 551 3528 m
552 3467 668 3545 tereat,
695 3463 771 3546 quia
799 3461 842 3524 sit
827 3459 1039 3524 tadmodum
1062 3479 1134 3540 par-

128 3577 214 3639 rum,
224 3551 304 3620 sed
329 3553 406 3638 quid
435 3553 502 3618 tale
531 3553 588 3636 ιιι,
618 3551 809 3633 utexpleat
836 3569 1003 3614 summam.
1058 3545 1134 3612 Una
