2564 3950
100 209 172 264 ure.
188 210 207 265 1.
236 208 312 264 oue.
328 214 370 263 se.
390 213 413 274 s.
426 213 485 276 ne,
497 213 556 261 ne.
575 207 640 262 usn.
652 207 686 260 11.
710 205 792 262 Aue.
813 207 889 261 ose.
906 215 928 262 1.
958 212 973 273 c
990 215 1012 262 1.
1049 176 1113 272 327

101 367 220 424 exordio
244 367 279 422 de
301 366 498 449 philosophiae
522 365 666 434 laudibus,
689 368 719 420 et
745 365 882 420 auditoris
912 367 1052 421 sententia
1079 367 1114 422 de

100 438 244 494 malonem
267 437 368 492 simbus
390 437 421 492 in
444 437 540 492 dolore
563 435 699 508 ponendis
721 437 776 490 hoe
802 436 922 490 maxime
950 440 1114 507 argumento

100 508 257 574 refellitur,
276 507 352 576 quod
370 507 490 562 dedecus
510 524 595 576 quam
614 507 694 562 dolor
712 507 802 562 maius
816 506 852 562 sit
868 507 973 562 malum
992 510 1062 578 (cap.
1078 512 1114 576 t).

100 577 213 634 Deinde
236 577 352 633 docetur
375 578 488 636 omnino
510 593 546 632 ne
569 577 676 634 malum
701 577 815 650 quidem
833 593 893 632 esse
913 578 1045 632 dolorem.
1082 579 1114 632 ln

100 665 161 717 quo
184 648 305 719 primum
329 649 482 704 multorum
500 647 731 718 philosophorum
754 648 979 703 imbecillitatem
1002 649 1114 704 demon·

99 722 184 778 strat.
229 719 404 789 mnuppon
432 719 507 776 onim
535 717 708 774 Socraticum
734 734 790 774 non
818 719 961 774 dubitasse
989 719 1114 775 dolorem

101 807 245 846 summum
268 790 373 846 malum
392 789 497 856 dcere,
521 806 603 858 quem
621 790 644 844 Ε
665 789 758 844 icurus
777 791 888 844 secutus
907 789 956 856 sit,
979 789 1114 859 Hierony-

101 879 181 914 mum
204 863 299 914 autem
322 860 463 916 Rhodium
486 877 623 914 summum
645 807 751 916 genum
773 860 898 928 posuisse
922 860 951 914 in
973 861 1114 918 vacuitate

101 931 219 988 doloris.
266 930 381 986 Ceteros
409 934 521 1000 praeter
553 931 706 998 Zenonem,
738 929 909 998 Aristonem,
943 931 1115 1000 Pyrrhonem

99 1002 211 1056 malum
228 1003 351 1070 potesse.
388 1002 490 1058 Poetae
514 1017 624 1069 quoque
648 1000 683 1054 ab
706 1000 760 1055 hae
780 1000 910 1071 opinione
928 1018 985 1056 non
1008 1002 1114 1070 abesse,

102 1072 181 1140 qued
203 1070 339 1128 inducant
361 1088 483 1128 summos
505 1071 632 1127 homines
650 1071 680 1126 in
698 1069 790 1126 acuitis
814 1071 957 1126 doloribus
974 1088 1031 1126 non
1049 1073 1114 1126 viri·

100 1143 170 1198 liter
179 1139 367 1198 lamentantes
381 1143 452 1214 (cap.
465 1145 572 1211 6-12).
601 1139 750 1198 Contentus
764 1157 831 1196 vero
846 1158 906 1198 csse
921 1157 968 1198 eos
982 1142 1114 1210 rationes,

103 1212 205 1282 quibus
222 1213 252 1266 in
265 1211 327 1268 fran
348 1213 426 1270 endis
444 1212 489 1266 his
504 1211 681 1284 opinionibus
694 1211 926 1280 cenomanici,
946 1229 1048 1282 eosque
1067 1214 1114 1268 de·

101 1283 183 1340 finire
203 1277 266 1337 aliis
280 1231 374 1338 variis
388 1281 528 1350 dolorem,
546 1299 603 1338 non
616 1283 727 1364 tallere.
754 1283 859 1338 Verum
877 1283 964 1364 igitur
976 1284 1031 1338 hcc
1045 1300 1115 1352 esse,

97 1355 231 1410 dolorem
259 1353 472 1423 opprimendum
500 1369 561 1410 esse
588 1355 728 1424 patientia
759 1355 788 1407 et
821 1353 998 1422 fort1tudinc,
1031 1354 1114 1422 idque

102 1424 208 1494 partim
222 1423 421 1480 exercitatione
435 1423 496 1478 fieri
514 1425 543 1478 et
557 1423 759 1478 consuetudine
773 1427 845 1494 (cap.
862 1431 933 1478 18-
943 1428 994 1493 17),
1013 1425 1115 1492 partim

102 1494 214 1550 ratione
233 1498 263 1550 et
276 1493 428 1564 sapientia,
447 1493 476 1550 in
495 1511 550 1562 quo
568 1493 640 1548 nihil
658 1493 756 1564 profici
775 1494 858 1550 docet
874 1495 983 1550 ratione
1000 1494 1116 1564 Epicuri

101 1565 221 1636 longum
239 1565 366 1620 dolorem
383 1565 489 1631 levem,
512 1581 627 1634 gravem
646 1567 741 1619 autem
762 1564 877 1620 brevem
897 1581 957 1619 esse
977 1565 1114 1620 censentis

103 1637 176 1704 (cap.
198 1641 244 1703 18,
264 1638 316 1704 19).
347 1637 446 1703 ltaque
465 1635 586 1704 primunr
606 1637 734 1704 oportere
752 1635 807 1688 hoe
825 1634 879 1690 sibi
898 1651 1035 1704 quemque
1053 1651 1114 1705 per-

102 1705 230 1773 suadere,
249 1705 320 1760 nihil
338 1705 483 1760 honestius
499 1721 559 1760 esse
577 1722 611 1760 ao
629 1703 811 1772 laudabilius,
831 1723 866 1760 ue
885 1705 1036 1775 optabilius
1056 1706 1115 1774 qui·

102 1777 183 1844 dem,
202 1791 286 1844 quem
303 1776 376 1831 ferre
396 1775 535 1843 dolorem,
559 1775 660 1830 deinde
679 1775 733 1830 sibi
750 1775 842 1844 ipsum
860 1775 1005 1845 imperare.
1042 1776 1114 1830 Nam

8 1871 9 1910 q
102 1846 239 1916 queniam
261 1846 371 1902 animus
389 1846 427 1900 sit
449 1846 479 1902 in
496 1847 592 1916 partes
609 1845 731 1900 tributus
750 1846 835 1912 duas,
861 1847 979 1902 alterum
997 1847 1114 1902 rationis

7 1969 9 1992 ξ
103 1915 284 1986 participem,
303 1917 421 1974 alteram
440 1919 594 1986 expertem,
616 1916 698 1973 illam
721 1915 786 1971 huio
809 1917 946 1986 imperare
970 1919 1115 1986 tamqnam

7 1995 9 2050 ξ
103 1987 248 2046 dominum
266 2004 360 2054 servo,
383 1987 413 2040 id
432 1991 475 2042 est
497 1987 607 2041 ratione
627 1987 748 2042 coerceri
768 1987 958 2042 temeritatem
977 1989 1113 2058 oportere.

7 2085 9 2100 τ
104 2058 135 2112 Si
153 2074 183 2112 se
200 2057 321 2127 turpiter
339 2059 421 2127 gerat
438 2060 468 2111 et
505 2057 637 2112 emitibus
656 2075 689 2112 ac
707 2057 817 2112 fletibus
837 2058 936 2127 dedat,
962 2058 1115 2113 amicorum

7 2129 8 2196 ,
103 2128 379 2198 propinquorumque
407 2131 487 2184 custo
510 2127 542 2182 'ia
571 2127 817 2199 constringendam
845 2135 918 2196 esse'3
950 2127 993 2183 sin
1020 2131 1114 2184 autem

7 2201 9 2268 ζ
102 2199 209 2255 firmior
232 2198 282 2266 sit,
311 2200 458 2268 tamquam
479 2199 584 2254 bonum
607 2199 726 2254 militem
754 2199 900 2254 admonitu
927 2199 1115 2256 revocandum

7 2271 15 2290 *
104 2285 165 2323 esse
184 2269 221 2324 ud
240 2269 408 2339 dignitatem
426 2271 498 2338 (cap.
518 2275 564 2337 20,
584 2272 637 2339 21).
673 2269 859 2326 Intenticnem
878 2269 964 2324 etiam
981 2269 1115 2326 adhiben-

104 2341 171 2394 dam
195 2356 268 2407 esse,
292 2339 383 2405 cuins,
407 2339 491 2393 utin
514 2355 643 2409 corpore,
666 2339 758 2394 sicin
780 2340 875 2395 anime
898 2359 925 2393 m
983 2358 1001 2394 a
1018 2340 1060 2394 vis
1079 2341 1116 2393 sit

104 2413 177 2479 (cap.
196 2415 237 2464 dl.
262 2413 317 2478 23).
355 2409 555 2464 contendendo
574 2409 661 2464 etiam
685 2409 775 2464 leuari
793 2425 904 2464 omnem
922 2411 951 2464 la
972 2426 1047 2465 orem
1066 2410 1115 2465 do·

103 2481 247 2547 laremque
271 2482 341 2548 (cap.
367 2483 421 2550 24).
462 2480 536 2534 Illud
560 2480 678 2548 denique
697 2480 909 2550 proponendum
927 2479 1033 2547 ammo,
1057 2495 1114 2534 am·

7 2575 9 2632 4
103 2550 272 2676 {huenen
291 2549 390 2617 animi,
415 2567 486 2631 quac
504 2550 624 2606 maxime
644 2549 765 2606 emineat
783 2551 993 2631 contemnendis
1012 2550 1114 2608 dolori-

7 2663 9 2722 ÷
104 2621 980 2760 iamsffi
994 2625 1114 2746 tat

103 2765 243 2831 patientia
261 2764 334 2831 (cap.
353 2763 407 2829 27).

170 2921 406 3006 Neoptolemus
434 2922 562 3006 quidem
591 2922 675 3006 apud
702 2922 844 2988 Ennium
877 2899 1150 3008 ‘philosopharil

105 3009 179 3075 eibi'
203 3011 250 3074 ait
273 3009 415 3076 ‘necesse
438 3031 522 3093 esse,
545 3009 601 3074 sed
623 3011 751 3095 paucis3
774 3032 850 3076 nam
874 3012 1003 3076 omnino
1026 2976 1147 3075 haudl

104 3097 253 3182 placere.¹
307 3097 380 3183 Ego
414 3101 535 3180 autem,
565 3097 682 3182 Brute,
712 3119 843 3164 necesse
875 3099 957 3163 mihi
985 3098 1114 3184 quidem

104 3207 174 3252 esso
203 3187 345 3251 arbitror
370 3185 610 3270 philosophari,
637 3208 713 3252 nam
741 3187 817 3271 quid
847 3209 993 3270 possum,
1023 3207 1113 3270 prac-

7 3345 9 3364 ,
77 3274 217 3346 ssertim
239 3274 323 3342 nihil
346 3294 461 3359 agens,
483 3294 578 3358 agere
601 3273 737 3342 melius?
762 3275 817 3339 sed
840 3296 907 3339 non
929 3274 1055 3358 paucis,
1078 3278 1115 3338 ut
1209 3309 1212 3316 ·
1268 3277 1270 3284 ⁴

7 3367 9 3434 l
103 3363 165 3428 ille.
210 3361 355 3427 Difficile
381 3365 430 3428 est
456 3362 542 3428 enim
569 3363 606 3428 ia
626 3361 835 3447 philosophia
865 3385 968 3446 pauca
991 3383 1060 3426 esse
1084 3361 1114 3427 ei

8 3445 9 3456 ’
103 3454 194 3534 note,
218 3450 269 3522 oui
292 3471 359 3516 non
378 3451 444 3516 sint
463 3454 520 3515 aut
541 3451 693 3534 pleraque
716 3455 774 3516 aut
794 3451 911 3516 omnia.
946 3449 1033 3515 Nem
1055 3471 1115 3514 nec

102 3560 206 3623 pauca
228 3539 293 3604 nisi
312 3561 330 3604 e
348 3538 459 3604 multis
484 3539 561 3624 eligi
584 3541 720 3623 possunt
742 3560 814 3621 nec,
837 3539 893 3623 qui
915 3560 1020 3622 pauca
1042 3560 1113 3622 per-
