2586 3950
166 199 232 263 194
329 200 378 254 DE
396 198 541 280 FINIBUS
559 198 740 254 BONORUM
757 200 804 254 ET
823 199 1005 255 MALORUM

164 362 207 426 iis
220 362 326 444 rebus,
344 381 424 444 quas
439 382 536 443 supra
554 361 630 444 dixi,
649 361 819 426 metienda.
846 358 932 425 Nam
945 382 1065 444 noque.
1094 411 1101 425 .
1130 411 1137 427 .
1165 411 1174 428 .

165 450 285 514 virtute
318 449 474 512 retinetur
505 448 539 511 in
570 449 653 531 vita,
683 470 746 522 nec
774 449 831 531 iis,
863 449 919 532 qui
951 449 1020 524 sine
1052 449 1173 514 virtute

166 539 253 620 sunt,
285 557 372 600 mors
405 540 454 600 est
487 535 677 619 oppetenda.
734 535 780 600 Et
816 557 911 620 saepe
948 535 1090 601 officium
1122 540 1174 600 est

165 624 320 709 sapientis
344 623 519 688 desciscere
543 646 562 688 a
583 625 665 706 vita,
688 645 760 688 cum
779 624 822 688 sit
844 624 1064 706 beatissime,
1088 625 1119 689 si
1139 624 1174 688 id

166 715 322 796 oportune
340 710 446 776 facere
464 711 578 795 possit.
610 710 663 776 Sic
679 711 765 776 enim
780 716 920 794 censent,
940 711 1171 795 oportunitatis
1186 739 1201 779 s

165 822 235 865 esse
271 800 364 864 beate
400 799 521 883 vivere,
564 799 650 882 quod
687 803 737 864 est
774 799 999 864 convenienter
1038 803 1172 863 naturae

164 889 281 954 vivere.
330 887 444 970 Itaque
472 909 492 951 a
520 886 680 970 sapientie
706 887 916 970 praecipitur,
946 887 1121 970 seipsam,
1145 888 1174 951 si

164 999 242 1041 urus
271 975 328 1058 sit,
356 977 483 1058 sapiens
511 979 548 1039 ut
573 975 745 1058 relinquat.
794 973 898 1050 Quam
931 975 972 1040 ob
1000 995 1068 1039 rem
1100 996 1173 1039 cum

165 1065 319 1128 vitiorum
342 1064 407 1126 ista
429 1063 478 1127 vis
506 1083 573 1128 non
599 1063 656 1147 sit,
686 1065 723 1126 ut
745 1083 875 1128 causam
898 1063 1036 1126 afferant
1057 1064 1172 1126 mortis

164 1151 380 1234 voluntariae,
420 1151 627 1233 perspicuum
668 1155 718 1216 est
754 1150 852 1216 etiam
890 1151 1076 1228 stultorum,
1117 1153 1172 1232 qui
1187 1177 1215 1217 ιο

164 1239 262 1304 iidem
293 1238 404 1302 miseri
435 1239 514 1320 sint,
546 1237 689 1302 officium
718 1259 787 1303 esse
814 1258 943 1302 manere
969 1238 1005 1302 in
1031 1238 1112 1315 vita,
1145 1239 1173 1302 si

166 1327 232 1392 sint
259 1325 293 1389 in
319 1326 441 1390 maiore
474 1329 567 1408 parte
595 1346 703 1390 rerum
734 1347 857 1409 earum,
885 1345 965 1410 quas
999 1325 1173 1390 secundum

164 1418 315 1478 naturam
344 1433 413 1477 esse
441 1412 586 1477 dicimus.
631 1413 676 1478 Et
701 1413 854 1497 quoniam
877 1413 1031 1478 excedens
1060 1435 1077 1476 e
1105 1414 1173 1477 vita

166 1506 198 1566 et
221 1521 354 1566 manens
378 1521 478 1584 aeque
501 1500 680 1584 miserest,
707 1522 766 1565 neo
788 1500 986 1566 diuturnitas
1015 1502 1119 1584 magis
1143 1502 1173 1563 ei

165 1590 267 1654 vitem
298 1587 483 1672 fugiendam
515 1588 607 1671 facit,
642 1610 710 1654 non
741 1589 810 1652 sine
844 1607 942 1653 causa
974 1588 1092 1652 dicitur
1122 1589 1172 1670 iis,
1187 1615 1213 1654 15
1285 1629 1286 1676 ,

166 1679 221 1762 qui
252 1677 398 1760 pluribus
429 1676 633 1741 naturalibus
665 1676 730 1740 frui
762 1677 901 1760 possint,
933 1697 1003 1740 esse
1034 1676 1070 1740 in
1104 1676 1173 1740 vita
1285 1687 1286 1690 ’

165 1764 369 1830 manendum.

112 1823 155 1950 ἐξ
231 1852 395 1916 Pertinere
423 1854 531 1916 autem
559 1851 599 1916 ad
626 1873 693 1916 rem
722 1851 920 1916 arbitrantur
947 1850 1094 1935 intellegi
1116 1872 1172 1914 na·

165 1945 239 2005 tura
270 1939 353 2020 lieri,
385 1941 422 2003 ut
452 1939 546 2002 liberi
579 1959 599 2001 a
630 1939 819 2021 parentibus
853 1942 1014 2020 amentum
1052 1959 1071 2002 a
1108 1960 1171 2022 quo

164 2028 258 2091 initio
277 2025 456 2109 profectam
470 2045 672 2090 communem
690 2025 824 2090 humani
838 2025 963 2109 generis
984 2027 1173 2090 societatem
1187 2053 1214 2092 so

164 2115 393 2198 persequimur.
448 2111 539 2189 Quod
575 2113 716 2195 primum
752 2112 901 2196 intellegi
936 2113 1032 2177 debet
1068 2114 1174 2197 figura

164 2201 379 2285 membrisque
399 2221 582 2284 corporum,
605 2221 687 2283 quae
709 2201 782 2283 ipsa
801 2199 966 2265 declarant
982 2201 1173 2284 procreandi

165 2312 185 2354 a
211 2292 329 2354 natura
355 2287 502 2351 habitam
531 2307 601 2352 esse
628 2287 795 2353 rationem.
844 2286 957 2371 Neque
986 2309 1064 2353 vero
1093 2289 1173 2352 haec

164 2377 250 2442 inter
278 2397 312 2440 se
345 2395 521 2459 congruere
551 2379 699 2460 possent,
731 2379 767 2441 ut
797 2378 914 2440 natura
946 2379 979 2439 et
1009 2377 1174 2458 procreari

165 2465 264 2530 vellet
292 2467 324 2528 et
354 2463 447 2548 diligi
467 2467 652 2546 procreatos
673 2485 741 2528 non
763 2467 899 2528 cureret.
943 2463 1051 2547 Atque
1074 2463 1173 2528 etiam
1187 2489 1214 2529 ae

164 2554 199 2617 in
221 2552 335 2616 bestiis
357 2551 406 2615 vis
428 2555 564 2616 naturae
583 2551 722 2635 perspici
744 2554 866 2634 potest3
890 2572 1024 2634 quarum
1047 2551 1081 2614 in
1103 2550 1173 2616 fetu
1283 2627 1284 2630 Ἴ

165 2644 198 2704 et
238 2641 272 2703 in
309 2639 499 2704 educatione
535 2639 679 2704 laborem
716 2659 789 2703 eum
824 2638 1001 2720 cernimus,
1036 2642 1173 2704 naturae

164 2728 267 2810 ipsius
294 2748 407 2792 vocem
435 2725 580 2790 videmur
607 2725 726 2790 audire.
777 2724 884 2802 Quare
905 2731 942 2790 at
968 2727 1173 2809 perspicuum
1283 2767 1284 2784 2

165 2817 215 2878 est
249 2819 368 2878 natura
398 2835 458 2878 nos
491 2835 511 2878 a
542 2812 652 2878 dolore
684 2813 874 2895 abhorrere,
906 2813 952 2878 sic
985 2818 1122 2897 apparet
1154 2837 1174 2879 a
1283 2837 1284 2888 ᾗ

164 2906 281 2967 natura
307 2903 393 2986 ipsa,
421 2904 459 2966 ut
481 2921 549 2982 eos,
576 2921 657 2984 quos
683 2901 902 2985 genuerimus,
930 2921 1090 2984 amemus,
1112 2903 1172 2966 im·
1187 2927 1214 2967 eo
1283 2907 1284 2994 l

111 3004 145 3053 63
164 2990 251 3074 pelli.
288 2989 339 3055 Ex
361 2990 422 3054 hoc
444 2988 600 3072 nascitur,
623 2991 660 3053 ut
683 2990 781 3053 etism
802 2989 982 3052 communis
1006 2989 1172 3054 hominum

164 3080 249 3143 inter
271 3076 418 3142 homines
441 3076 599 3140 naturalis
624 3077 668 3141 sit
689 3075 940 3158 commendate,
962 3080 999 3141 ut
1022 3081 1174 3160 oporteat

163 3166 328 3230 hominem
355 3165 396 3228 ab
428 3162 557 3226 homine
586 3164 628 3229 ob
659 3163 693 3227 id
727 3164 847 3246 ipsum,
878 3162 965 3246 quod
990 3163 1088 3229 homo
1120 3166 1173 3248 sit,
1282 3209 1283 3254 ,

164 3275 229 3318 non
252 3253 391 3317 alienum
419 3249 530 3315 videri.
579 3250 625 3317 Ut
652 3252 737 3316 enim
766 3250 800 3315 in
828 3250 981 3314 membris
1010 3252 1074 3316 alia
1097 3258 1173 3318 sunt
1282 3257 1283 3282 ¹

164 3347 329 3424 tamquam
362 3338 424 3403 sibi
455 3340 547 3420 nata,
579 3342 616 3403 ut
647 3338 743 3422 oculi,
776 3341 813 3402 ut
844 3359 951 3421 aures,
980 3339 1045 3403 alia
1073 3341 1172 3405 etiam
1186 3365 1212 3406 ee

164 3435 342 3492 ceterorum
369 3425 586 3490 membrorum
614 3447 706 3491 usum
736 3426 904 3509 adiuvant,
932 3428 968 3489 ut
996 3447 1101 3510 crura,
1135 3432 1173 3492 ut
1282 3479 1283 3516 ,

162 3538 291 3597 manus,
335 3515 380 3579 sie
416 3514 573 3578 immanes
610 3513 767 3598 quaedam
803 3514 925 3578 bestiae
963 3514 1027 3578 sibi
1068 3514 1172 3580 solum
