<?xml version="1.0" encoding="UTF-8"?>
<!DOCTYPE html PUBLIC "-//W3C//DTD XHTML 1.0 Transitional//EN"
    "http://www.w3.org/TR/xhtml1/DTD/xhtml1-transitional.dtd">
<html xmlns="http://www.w3.org/1999/xhtml" xml:lang="en" lang="en">
 <head>
  <title>
</title>
<meta http-equiv="Content-Type" content="text/html;charset=utf-8" />
  <meta name='ocr-system' content='tesseract 3.04.00' />
  <meta name='ocr-capabilities' content='ocr_page ocr_carea ocr_par ocr_line ocrx_word'/>
</head>
<body>
  <div class='ocr_page' id='page_1' title='image "./scriptaquaemans00unkngoog_0504.png"; bbox 0 0 2538 3956; ppageno 0'>
   <div class='ocr_carea' id='block_1_1' title="bbox 327 220 1103 296">
    <p class='ocr_par' dir='ltr' id='par_1_1' title="bbox 327 220 1103 296">
     <span class='ocr_line' id='line_1_1' title="bbox 327 220 1103 296; baseline 0.008 -12"><span class='ocrx_word' id='word_1_1' title='bbox 327 230 394 284; x_wconf 80' lang='lat' dir='ltr'>mu</span> <span class='ocrx_word' id='word_1_2' title='bbox 413 229 447 287; x_wconf 91' lang='lat' dir='ltr'>v.</span> <span class='ocrx_word' id='word_1_3' title='bbox 476 228 553 287; x_wconf 75' lang='lat' dir='ltr'>oar.</span> <span class='ocrx_word' id='word_1_4' title='bbox 573 220 694 286; x_wconf 78' lang='grc' dir='ltr'>ιι-ἰι.</span> <span class='ocrx_word' id='word_1_5' title='bbox 723 235 879 296; x_wconf 74' lang='lat' dir='ltr'>sao-re.</span> <span class='ocrx_word' id='word_1_6' title='bbox 1039 227 1103 292; x_wconf 79' lang='lat'>451</span> 
     </span>
    </p>
   </div>
   <div class='ocr_carea' id='block_1_2' title="bbox 97 391 1107 653">
    <p class='ocr_par' dir='ltr' id='par_1_2' title="bbox 97 391 1107 653">
     <span class='ocr_line' id='line_1_2' title="bbox 97 391 1107 477; baseline -0.001 -21"><span class='ocrx_word' id='word_1_7' title='bbox 97 392 192 458; x_wconf 89' lang='lat' dir='ltr'>dente</span> <span class='ocrx_word' id='word_1_8' title='bbox 236 393 326 477; x_wconf 86' lang='lat' dir='ltr'>dicit,</span> <span class='ocrx_word' id='word_1_9' title='bbox 364 393 488 458; x_wconf 88' lang='lat' dir='ltr'>nullum</span> <span class='ocrx_word' id='word_1_10' title='bbox 526 393 663 477; x_wconf 73' lang='lat' dir='ltr'>sapienti</span> <span class='ocrx_word' id='word_1_11' title='bbox 695 413 765 458; x_wconf 89' lang='lat' dir='ltr'>esse</span> <span class='ocrx_word' id='word_1_12' title='bbox 800 396 941 476; x_wconf 87' lang='lat' dir='ltr'>tempus,</span> <span class='ocrx_word' id='word_1_13' title='bbox 979 391 1107 457; x_wconf 78' lang='lat' dir='ltr'>etiamsi</span> 
     </span>
     <span class='ocr_line' id='line_1_3' title="bbox 97 480 1106 565; baseline 0 -21"><span class='ocrx_word' id='word_1_14' title='bbox 97 485 234 565; x_wconf 82' lang='lat' dir='ltr'>uratur,</span> <span class='ocrx_word' id='word_1_15' title='bbox 256 484 458 565; x_wconf 76' lang='lat' dir='ltr'><strong>torqueatur,</strong></span> <span class='ocrx_word' id='word_1_16' title='bbox 492 487 630 564; x_wconf 87' lang='lat' dir='ltr'>secetur,</span> <span class='ocrx_word' id='word_1_17' title='bbox 666 482 743 565; x_wconf 90' lang='lat' dir='ltr'>quin</span> <span class='ocrx_word' id='word_1_18' title='bbox 778 482 883 565; x_wconf 89' lang='lat' dir='ltr'>possit</span> <span class='ocrx_word' id='word_1_19' title='bbox 915 480 1106 544; x_wconf 87' lang='lat' dir='ltr'>exclamare:</span> 
     </span>
     <span class='ocr_line' id='line_1_4' title="bbox 98 568 1106 653; baseline -0.002 -20"><span class='ocrx_word' id='word_1_20' title='bbox 98 568 219 646; x_wconf 72' lang='lat' dir='ltr'>‘Quam</span> <span class='ocrx_word' id='word_1_21' title='bbox 238 591 296 652; x_wconf 88' lang='lat' dir='ltr'>pro</span> <span class='ocrx_word' id='word_1_22' title='bbox 314 569 417 634; x_wconf 88' lang='lat' dir='ltr'>nihilo</span> <span class='ocrx_word' id='word_1_23' title='bbox 436 568 546 653; x_wconf 82' lang='lat' dir='ltr'>putol&#39;</span> <span class='ocrx_word' id='word_1_24' title='bbox 570 591 642 634; x_wconf 91' lang='lat' dir='ltr'>cum</span> <span class='ocrx_word' id='word_1_25' title='bbox 662 570 854 652; x_wconf 82' lang='lat' dir='ltr'>praesertim</span> <span class='ocrx_word' id='word_1_26' title='bbox 873 589 966 633; x_wconf 90' lang='lat' dir='ltr'>omne</span> <span class='ocrx_word' id='word_1_27' title='bbox 985 568 1106 632; x_wconf 87' lang='lat' dir='ltr'>malum</span> 
     </span>
    </p>
   </div>
   <div class='ocr_carea' id='block_1_3' title="bbox 10 655 1161 3653">
    <p class='ocr_par' dir='ltr' id='par_1_3' title="bbox 99 655 1106 742">
     <span class='ocr_line' id='line_1_5' title="bbox 99 655 1106 742; baseline -0.001 -21"><span class='ocrx_word' id='word_1_28' title='bbox 99 656 209 722; x_wconf 89' lang='lat' dir='ltr'>dolore</span> <span class='ocrx_word' id='word_1_29' title='bbox 242 657 386 741; x_wconf 90' lang='lat' dir='ltr'>definiat,</span> <span class='ocrx_word' id='word_1_30' title='bbox 424 659 545 722; x_wconf 92' lang='lat' dir='ltr'>bonum</span> <span class='ocrx_word' id='word_1_31' title='bbox 577 658 757 742; x_wconf 86' lang='lat' dir='ltr'>voluptate,</span> <span class='ocrx_word' id='word_1_32' title='bbox 711 657 870 722; x_wconf 88' lang='lat' dir='ltr'>tehaec</span> <span class='ocrx_word' id='word_1_33' title='bbox 902 679 961 721; x_wconf 92' lang='lat' dir='ltr'>nos</span> <span class='ocrx_word' id='word_1_34' title='bbox 963 659 1014 721; x_wconf 89' lang='lat' dir='ltr'>tra</span> <span class='ocrx_word' id='word_1_35' title='bbox 1049 655 1106 720; x_wconf 92' lang='lat' dir='ltr'>ho·</span> 
     </span>
    </p>

    <p class='ocr_par' dir='ltr' id='par_1_4' title="bbox 70 708 1106 918">
     <span class='ocr_line' id='line_1_6' title="bbox 70 708 1106 847; baseline -0.002 -37"><span class='ocrx_word' id='word_1_36' title='bbox 70 748 205 829; x_wconf 75' lang='lat' dir='ltr'>onesta,</span> <span class='ocrx_word' id='word_1_37' title='bbox 225 747 342 847; x_wconf 35' lang='lat' dir='ltr'>&#39;turpia</span> <span class='ocrx_word' id='word_1_38' title='bbox 368 708 507 810; x_wconf 77' lang='lat' dir='ltr'>inrideat</span> <span class='ocrx_word' id='word_1_39' title='bbox 534 746 682 830; x_wconf 87' lang='lat' dir='ltr'>dicatque</span> <span class='ocrx_word' id='word_1_40' title='bbox 709 709 768 810; x_wconf 77' lang='lat' dir='ltr'>nds</span> <span class='ocrx_word' id='word_1_41' title='bbox 796 747 830 810; x_wconf 89' lang='lat' dir='ltr'>in</span> <span class='ocrx_word' id='word_1_42' title='bbox 856 745 989 810; x_wconf 81' lang='lat' dir='ltr'>vocibus</span> <span class='ocrx_word' id='word_1_43' title='bbox 1015 764 1106 809; x_wconf 89' lang='lat' dir='ltr'>occu·</span> 
     </span>
     <span class='ocr_line' id='line_1_7' title="bbox 98 832 1106 918; baseline -0.002 -20"><span class='ocrx_word' id='word_1_44' title='bbox 98 834 231 918; x_wconf 91' lang='lat' dir='ltr'>patos</span> <span class='ocrx_word' id='word_1_45' title='bbox 222 835 327 898; x_wconf 81' lang='lat' dir='ltr'>inanis</span> <span class='ocrx_word' id='word_1_46' title='bbox 355 855 452 899; x_wconf 84' lang='lat' dir='ltr'>sonos</span> <span class='ocrx_word' id='word_1_47' title='bbox 480 834 625 918; x_wconf 86' lang='lat' dir='ltr'>fundere,</span> <span class='ocrx_word' id='word_1_48' title='bbox 652 855 754 918; x_wconf 92' lang='lat' dir='ltr'>neque</span> <span class='ocrx_word' id='word_1_49' title='bbox 783 834 955 918; x_wconf 89' lang='lat' dir='ltr'>quicquam</span> <span class='ocrx_word' id='word_1_50' title='bbox 983 832 1023 897; x_wconf 89' lang='lat' dir='ltr'>ad</span> <span class='ocrx_word' id='word_1_51' title='bbox 1048 853 1106 896; x_wconf 88' lang='lat' dir='ltr'>nos</span> 
     </span>
    </p>

    <p class='ocr_par' dir='ltr' id='par_1_5' title="bbox 98 885 1107 1006">
     <span class='ocr_line' id='line_1_8' title="bbox 98 885 1107 1006; baseline -0.002 -20"><span class='ocrx_word' id='word_1_52' title='bbox 98 923 272 1004; x_wconf 87' lang='lat' dir='ltr'>pertinere,</span> <span class='ocrx_word' id='word_1_53' title='bbox 294 922 359 986; x_wconf 88' lang='lat' dir='ltr'>nisi</span> <span class='ocrx_word' id='word_1_54' title='bbox 382 922 466 1006; x_wconf 94' lang='lat' dir='ltr'>quod</span> <span class='ocrx_word' id='word_1_55' title='bbox 490 927 546 986; x_wconf 89' lang='lat' dir='ltr'>aut</span> <span class='ocrx_word' id='word_1_56' title='bbox 532 885 639 986; x_wconf 73' lang='lat' dir='ltr'>tlede</span> <span class='ocrx_word' id='word_1_57' title='bbox 663 928 719 986; x_wconf 88' lang='lat' dir='ltr'>aut</span> <span class='ocrx_word' id='word_1_58' title='bbox 742 943 889 1005; x_wconf 87' lang='lat' dir='ltr'>asperum</span> <span class='ocrx_word' id='word_1_59' title='bbox 917 922 952 984; x_wconf 92' lang='lat' dir='ltr'>in</span> <span class='ocrx_word' id='word_1_60' title='bbox 975 941 1107 1004; x_wconf 88' lang='lat' dir='ltr'>corpore</span> 
     </span>
    </p>

    <p class='ocr_par' dir='ltr' id='par_1_6' title="bbox 27 1006 1107 1096">
     <span class='ocr_line' id='line_1_9' title="bbox 27 1006 1107 1096; baseline 0 -22"><span class='ocrx_word' id='word_1_61' title='bbox 27 1006 30 1011; x_wconf 71' lang='grc'><strong>’</strong></span> <span class='ocrx_word' id='word_1_62' title='bbox 100 1010 271 1074; x_wconf 87' lang='lat' dir='ltr'>sentiatur:</span> <span class='ocrx_word' id='word_1_63' title='bbox 298 1010 373 1074; x_wconf 88' lang='lat' dir='ltr'>huie</span> <span class='ocrx_word' id='word_1_64' title='bbox 401 1031 538 1096; x_wconf 81' lang='lat' dir='ltr'>ergo,u</span> <span class='ocrx_word' id='word_1_65' title='bbox 517 1010 660 1092; x_wconf 74' lang='lat' dir='ltr'>aidini,</span> <span class='ocrx_word' id='word_1_66' title='bbox 687 1031 753 1074; x_wconf 94' lang='lat' dir='ltr'>non</span> <span class='ocrx_word' id='word_1_67' title='bbox 780 1010 919 1074; x_wconf 90' lang='lat' dir='ltr'>multum</span> <span class='ocrx_word' id='word_1_68' title='bbox 947 1009 1107 1074; x_wconf 83' lang='lat' dir='ltr'>differenti</span> 
     </span>
    </p>

    <p class='ocr_par' dir='ltr' id='par_1_7' title="bbox 100 1097 1107 1163">
     <span class='ocr_line' id='line_1_10' title="bbox 100 1097 1107 1163; baseline -0.002 -1"><span class='ocrx_word' id='word_1_69' title='bbox 100 1119 119 1162; x_wconf 90' lang='lat' dir='ltr'>a</span> <span class='ocrx_word' id='word_1_70' title='bbox 146 1097 263 1162; x_wconf 90' lang='lat' dir='ltr'>iudicio</span> <span class='ocrx_word' id='word_1_71' title='bbox 291 1098 434 1162; x_wconf 85' lang='lat' dir='ltr'>ferarum</span> <span class='ocrx_word' id='word_1_72' title='bbox 462 1097 609 1163; x_wconf 86' lang='lat' dir='ltr'>oblivisci</span> <span class='ocrx_word' id='word_1_73' title='bbox 636 1098 747 1162; x_wconf 79' lang='lat' dir='ltr'>licebit</span> <span class='ocrx_word' id='word_1_74' title='bbox 774 1099 824 1161; x_wconf 92' lang='lat' dir='ltr'>sui</span> <span class='ocrx_word' id='word_1_75' title='bbox 852 1101 884 1161; x_wconf 89' lang='lat' dir='ltr'>et</span> <span class='ocrx_word' id='word_1_76' title='bbox 910 1101 981 1161; x_wconf 91' lang='lat' dir='ltr'>tum</span> <span class='ocrx_word' id='word_1_77' title='bbox 1008 1097 1107 1162; x_wconf 85' lang='lat' dir='ltr'>fortu·</span> 
     </span>
    </p>

    <p class='ocr_par' dir='ltr' id='par_1_8' title="bbox 11 1186 1108 1269">
     <span class='ocr_line' id='line_1_11' title="bbox 11 1186 1108 1269; baseline -0.004 -17"><span class='ocrx_word' id='word_1_78' title='bbox 11 1205 12 1208; x_wconf 73' lang='grc'>’</span> <span class='ocrx_word' id='word_1_79' title='bbox 57 1213 84 1252; x_wconf 82' lang='grc' dir='ltr'>ιο</span> <span class='ocrx_word' id='word_1_80' title='bbox 98 1207 176 1250; x_wconf 89' lang='lat' dir='ltr'>nam</span> <span class='ocrx_word' id='word_1_81' title='bbox 203 1189 421 1269; x_wconf 76' lang='lat' dir='ltr'>contemnere,</span> <span class='ocrx_word' id='word_1_82' title='bbox 452 1208 525 1251; x_wconf 91' lang='lat' dir='ltr'>cum</span> <span class='ocrx_word' id='word_1_83' title='bbox 558 1187 600 1250; x_wconf 90' lang='lat' dir='ltr'>sit</span> <span class='ocrx_word' id='word_1_84' title='bbox 632 1208 726 1251; x_wconf 91' lang='lat' dir='ltr'>omne</span> <span class='ocrx_word' id='word_1_85' title='bbox 760 1190 792 1250; x_wconf 89' lang='lat' dir='ltr'>et</span> <span class='ocrx_word' id='word_1_86' title='bbox 823 1186 945 1250; x_wconf 89' lang='lat' dir='ltr'>bonum</span> <span class='ocrx_word' id='word_1_87' title='bbox 977 1186 1046 1250; x_wconf 90' lang='lat' dir='ltr'>eius</span> <span class='ocrx_word' id='word_1_88' title='bbox 1075 1190 1108 1248; x_wconf 92' lang='lat' dir='ltr'>et</span> 
     </span>
    </p>

    <p class='ocr_par' dir='ltr' id='par_1_9' title="bbox 10 1273 1107 1359">
     <span class='ocr_line' id='line_1_12' title="bbox 10 1273 1107 1359; baseline -0.003 -19"><span class='ocrx_word' id='word_1_89' title='bbox 10 1311 22 1358; x_wconf 54' lang='grc' dir='ltr'>γ,</span> <span class='ocrx_word' id='word_1_90' title='bbox 99 1274 221 1340; x_wconf 89' lang='lat' dir='ltr'>malum</span> <span class='ocrx_word' id='word_1_91' title='bbox 248 1275 283 1339; x_wconf 90' lang='lat' dir='ltr'>in</span> <span class='ocrx_word' id='word_1_92' title='bbox 309 1277 484 1359; x_wconf 35' lang='lat' dir='ltr'>potestate,</span> <span class='ocrx_word' id='word_1_93' title='bbox 498 1275 659 1357; x_wconf 78' lang='lat' dir='ltr'>fortunae,</span> <span class='ocrx_word' id='word_1_94' title='bbox 686 1277 755 1339; x_wconf 91' lang='lat' dir='ltr'>tum</span> <span class='ocrx_word' id='word_1_95' title='bbox 783 1273 887 1338; x_wconf 88' lang='lat' dir='ltr'>dicere</span> <span class='ocrx_word' id='word_1_96' title='bbox 916 1296 949 1338; x_wconf 92' lang='lat' dir='ltr'>se</span> <span class='ocrx_word' id='word_1_97' title='bbox 974 1274 1107 1338; x_wconf 88' lang='lat' dir='ltr'>beatum</span> 
     </span>
    </p>

    <p class='ocr_par' dir='ltr' id='par_1_10' title="bbox 98 1363 1108 1446">
     <span class='ocr_line' id='line_1_13' title="bbox 98 1363 1108 1446; baseline -0.002 -19"><span class='ocrx_word' id='word_1_98' title='bbox 98 1363 134 1427; x_wconf 93' lang='lat' dir='ltr'>in</span> <span class='ocrx_word' id='word_1_99' title='bbox 157 1384 282 1427; x_wconf 76' lang='lat' dir='ltr'>summo</span> <span class='ocrx_word' id='word_1_100' title='bbox 306 1363 448 1428; x_wconf 87' lang='lat' dir='ltr'>cruciatu</span> <span class='ocrx_word' id='word_1_101' title='bbox 472 1366 568 1446; x_wconf 87' lang='lat' dir='ltr'>atque</span> <span class='ocrx_word' id='word_1_102' title='bbox 591 1364 774 1446; x_wconf 86' lang='lat' dir='ltr'>tormentis,</span> <span class='ocrx_word' id='word_1_103' title='bbox 804 1384 877 1427; x_wconf 91' lang='lat' dir='ltr'>cum</span> <span class='ocrx_word' id='word_1_104' title='bbox 903 1363 1108 1428; x_wconf 88' lang='lat' dir='ltr'>constituerit</span> 
     </span>
    </p>

    <p class='ocr_par' dir='ltr' id='par_1_11' title="bbox 97 1448 1108 1534">
     <span class='ocr_line' id='line_1_14' title="bbox 97 1448 1108 1534; baseline -0.001 -19"><span class='ocrx_word' id='word_1_105' title='bbox 97 1472 165 1515; x_wconf 92' lang='lat' dir='ltr'>non</span> <span class='ocrx_word' id='word_1_106' title='bbox 192 1448 288 1516; x_wconf 88' lang='lat' dir='ltr'>modo</span> <span class='ocrx_word' id='word_1_107' title='bbox 316 1473 476 1515; x_wconf 87' lang='lat' dir='ltr'>summurn</span> <span class='ocrx_word' id='word_1_108' title='bbox 507 1452 627 1515; x_wconf 87' lang='lat' dir='ltr'>malum</span> <span class='ocrx_word' id='word_1_109' title='bbox 656 1473 727 1515; x_wconf 89' lang='lat' dir='ltr'>esse</span> <span class='ocrx_word' id='word_1_110' title='bbox 749 1451 905 1534; x_wconf 90' lang='lat' dir='ltr'>dolorem,</span> <span class='ocrx_word' id='word_1_111' title='bbox 931 1450 1108 1515; x_wconf 87' lang='lat' dir='ltr'>sedetiam</span> 
     </span>
    </p>

    <p class='ocr_par' dir='ltr' id='par_1_12' title="bbox 99 1539 1161 1622">
     <span class='ocr_line' id='line_1_15' title="bbox 99 1539 1161 1622; baseline -0.003 -18"><span class='ocrx_word' id='word_1_112' title='bbox 99 1539 227 1604; x_wconf 82' lang='lat' dir='ltr'>solum?</span> <span class='ocrx_word' id='word_1_113' title='bbox 281 1539 350 1604; x_wconf 86' lang='lat' dir='ltr'>Nec</span> <span class='ocrx_word' id='word_1_114' title='bbox 381 1561 457 1604; x_wconf 86' lang='lat' dir='ltr'>vcro</span> <span class='ocrx_word' id='word_1_115' title='bbox 488 1539 547 1614; x_wconf 90' lang='lat' dir='ltr'>illa</span> <span class='ocrx_word' id='word_1_116' title='bbox 574 1539 637 1603; x_wconf 88' lang='lat' dir='ltr'>sibi</span> <span class='ocrx_word' id='word_1_117' title='bbox 665 1539 806 1603; x_wconf 89' lang='lat' dir='ltr'>remedia</span> <span class='ocrx_word' id='word_1_118' title='bbox 837 1539 1037 1622; x_wconf 89' lang='lat' dir='ltr'>comparavit</span> <span class='ocrx_word' id='word_1_119' title='bbox 1067 1539 1108 1602; x_wconf 88' lang='lat' dir='ltr'>ad</span> <span class='ocrx_word' id='word_1_120' title='bbox 1128 1549 1161 1596; x_wconf 78' lang='lat'>74</span> 
     </span>
    </p>

    <p class='ocr_par' dir='ltr' id='par_1_13' title="bbox 10 1626 1107 1712">
     <span class='ocr_line' id='line_1_16' title="bbox 10 1626 1107 1712; baseline -0.002 -20"><span class='ocrx_word' id='word_1_121' title='bbox 10 1705 13 1712; x_wconf 31' lang='lat'>,</span> <span class='ocrx_word' id='word_1_122' title='bbox 57 1652 84 1694; x_wconf 81' lang='grc' dir='ltr'>ιι</span> <span class='ocrx_word' id='word_1_123' title='bbox 98 1627 301 1692; x_wconf 87' lang='lat' dir='ltr'>tolerandum</span> <span class='ocrx_word' id='word_1_124' title='bbox 333 1628 488 1709; x_wconf 90' lang='lat' dir='ltr'>dolorem,</span> <span class='ocrx_word' id='word_1_125' title='bbox 523 1627 710 1691; x_wconf 89' lang='lat' dir='ltr'>firmitatem</span> <span class='ocrx_word' id='word_1_126' title='bbox 748 1628 861 1711; x_wconf 84' lang='lat' dir='ltr'>animi,</span> <span class='ocrx_word' id='word_1_127' title='bbox 897 1626 1107 1711; x_wconf 86' lang='lat' dir='ltr'>turpitudinis</span> 
     </span>
    </p>

    <p class='ocr_par' dir='ltr' id='par_1_14' title="bbox 10 1716 1109 2064">
     <span class='ocr_line' id='line_1_17' title="bbox 10 1716 1107 1799; baseline 0 -19"><span class='ocrx_word' id='word_1_128' title='bbox 10 1719 11 1722; x_wconf 72' lang='grc'>’</span> <span class='ocrx_word' id='word_1_129' title='bbox 98 1716 337 1799; x_wconf 81' lang='lat' dir='ltr'>verecundiam,</span> <span class='ocrx_word' id='word_1_130' title='bbox 383 1716 642 1780; x_wconf 82' lang='lat' dir='ltr'>exercitationem</span> <span class='ocrx_word' id='word_1_131' title='bbox 688 1716 1012 1799; x_wconf 82' lang='lat' dir='ltr'>consuetudinemque</span> <span class='ocrx_word' id='word_1_132' title='bbox 1053 1736 1107 1798; x_wconf 91' lang='lat' dir='ltr'>pa-</span> 
     </span>
     <span class='ocr_line' id='line_1_18' title="bbox 98 1803 1108 1888; baseline -0.002 -20"><span class='ocrx_word' id='word_1_133' title='bbox 98 1803 214 1882; x_wconf 89' lang='lat' dir='ltr'>tiendi,</span> <span class='ocrx_word' id='word_1_134' title='bbox 243 1806 429 1888; x_wconf 87' lang='lat' dir='ltr'>[praecepta</span> <span class='ocrx_word' id='word_1_135' title='bbox 455 1803 682 1886; x_wconf 62' lang='lat' dir='ltr'>fortitudinis]</span> <span class='ocrx_word' id='word_1_136' title='bbox 710 1804 863 1868; x_wconf 88' lang='lat' dir='ltr'>duritiam</span> <span class='ocrx_word' id='word_1_137' title='bbox 886 1804 1026 1885; x_wconf 89' lang='lat' dir='ltr'>virilem,</span> <span class='ocrx_word' id='word_1_138' title='bbox 1053 1803 1108 1867; x_wconf 88' lang='lat' dir='ltr'>sed</span> 
     </span>
     <span class='ocr_line' id='line_1_19' title="bbox 98 1892 1108 1976; baseline 0 -21"><span class='ocrx_word' id='word_1_139' title='bbox 98 1913 166 1956; x_wconf 87' lang='lat' dir='ltr'>una</span> <span class='ocrx_word' id='word_1_140' title='bbox 198 1913 232 1955; x_wconf 88' lang='lat' dir='ltr'>se</span> <span class='ocrx_word' id='word_1_141' title='bbox 265 1892 344 1957; x_wconf 90' lang='lat' dir='ltr'>dicit</span> <span class='ocrx_word' id='word_1_142' title='bbox 373 1892 595 1957; x_wconf 80' lang='lat' dir='ltr'>recordatione</span> <span class='ocrx_word' id='word_1_143' title='bbox 626 1892 828 1976; x_wconf 85' lang='lat' dir='ltr'>adquiescere</span> <span class='ocrx_word' id='word_1_144' title='bbox 861 1892 1108 1976; x_wconf 88' lang='lat' dir='ltr'>praeteritarum</span> 
     </span>
     <span class='ocr_line' id='line_1_20' title="bbox 98 1980 1109 2064; baseline 0 -21"><span class='ocrx_word' id='word_1_145' title='bbox 98 1980 330 2062; x_wconf 87' lang='lat' dir='ltr'>voluptatium,</span> <span class='ocrx_word' id='word_1_146' title='bbox 353 1983 390 2044; x_wconf 91' lang='lat' dir='ltr'>ut</span> <span class='ocrx_word' id='word_1_147' title='bbox 409 1981 437 2045; x_wconf 93' lang='lat' dir='ltr'>si</span> <span class='ocrx_word' id='word_1_148' title='bbox 456 1981 528 2064; x_wconf 90' lang='lat' dir='ltr'>quis</span> <span class='ocrx_word' id='word_1_149' title='bbox 548 1984 710 2063; x_wconf 88' lang='lat' dir='ltr'>aestuans,</span> <span class='ocrx_word' id='word_1_150' title='bbox 734 2003 806 2045; x_wconf 88' lang='lat' dir='ltr'>cum</span> <span class='ocrx_word' id='word_1_151' title='bbox 824 1982 889 2046; x_wconf 81' lang='lat' dir='ltr'>vim</span> <span class='ocrx_word' id='word_1_152' title='bbox 909 1981 1025 2044; x_wconf 91' lang='lat' dir='ltr'>caloris</span> <span class='ocrx_word' id='word_1_153' title='bbox 1043 2001 1109 2044; x_wconf 90' lang='lat' dir='ltr'>non</span> 
     </span>
    </p>

    <p class='ocr_par' dir='ltr' id='par_1_15' title="bbox 56 2067 1107 2153">
     <span class='ocr_line' id='line_1_21' title="bbox 56 2067 1107 2153; baseline -0.002 -20"><span class='ocrx_word' id='word_1_154' title='bbox 56 2092 86 2134; x_wconf 77' lang='lat' dir='ltr'>aa</span> <span class='ocrx_word' id='word_1_155' title='bbox 99 2067 196 2132; x_wconf 87' lang='lat' dir='ltr'>facile</span> <span class='ocrx_word' id='word_1_156' title='bbox 218 2070 374 2152; x_wconf 88' lang='lat' dir='ltr'>patiatur,</span> <span class='ocrx_word' id='word_1_157' title='bbox 401 2068 563 2133; x_wconf 89' lang='lat' dir='ltr'>recordari</span> <span class='ocrx_word' id='word_1_158' title='bbox 587 2068 665 2132; x_wconf 86' lang='lat' dir='ltr'>velit</span> <span class='ocrx_word' id='word_1_159' title='bbox 693 2089 763 2133; x_wconf 85' lang='lat' dir='ltr'>sese</span> <span class='ocrx_word' id='word_1_160' title='bbox 791 2069 964 2153; x_wconf 91' lang='lat' dir='ltr'>aliquando</span> <span class='ocrx_word' id='word_1_161' title='bbox 992 2069 1026 2133; x_wconf 92' lang='lat' dir='ltr'>in</span> <span class='ocrx_word' id='word_1_162' title='bbox 1048 2067 1107 2131; x_wconf 84' lang='lat' dir='ltr'>Ar·</span> 
     </span>
    </p>

    <p class='ocr_par' dir='ltr' id='par_1_16' title="bbox 10 2155 1160 2504">
     <span class='ocr_line' id='line_1_22' title="bbox 10 2155 1108 2242; baseline 0 -22"><span class='ocrx_word' id='word_1_163' title='bbox 10 2195 15 2233; x_wconf 59' lang='lat'><em>7</em></span> <span class='ocrx_word' id='word_1_164' title='bbox 99 2155 204 2239; x_wconf 85' lang='lat' dir='ltr'>pinati</span> <span class='ocrx_word' id='word_1_165' title='bbox 230 2159 343 2221; x_wconf 91' lang='lat' dir='ltr'>nostro</span> <span class='ocrx_word' id='word_1_166' title='bbox 374 2157 486 2242; x_wconf 81' lang='lat' dir='ltr'>gelidis</span> <span class='ocrx_word' id='word_1_167' title='bbox 519 2156 704 2221; x_wconf 89' lang='lat' dir='ltr'>fluminibus</span> <span class='ocrx_word' id='word_1_168' title='bbox 741 2157 968 2223; x_wconf 81' lang='lat' dir='ltr'>circumfusum</span> <span class='ocrx_word' id='word_1_169' title='bbox 1000 2157 1108 2221; x_wconf 88' lang='lat' dir='ltr'>fuisse.</span> 
     </span>
     <span class='ocr_line' id='line_1_23' title="bbox 99 2242 1109 2329; baseline 0.001 -21"><span class='ocrx_word' id='word_1_170' title='bbox 99 2242 176 2310; x_wconf 90' lang='lat' dir='ltr'>Non</span> <span class='ocrx_word' id='word_1_171' title='bbox 195 2243 281 2308; x_wconf 89' lang='lat' dir='ltr'>enim</span> <span class='ocrx_word' id='word_1_172' title='bbox 298 2245 407 2328; x_wconf 76' lang='lat' dir='ltr'>vidae,</span> <span class='ocrx_word' id='word_1_173' title='bbox 430 2267 492 2328; x_wconf 92' lang='lat' dir='ltr'>quo</span> <span class='ocrx_word' id='word_1_174' title='bbox 512 2244 608 2309; x_wconf 90' lang='lat' dir='ltr'>modo</span> <span class='ocrx_word' id='word_1_175' title='bbox 632 2245 742 2310; x_wconf 87' lang='lat' dir='ltr'>sedare</span> <span class='ocrx_word' id='word_1_176' title='bbox 765 2247 892 2329; x_wconf 87' lang='lat' dir='ltr'>possint</span> <span class='ocrx_word' id='word_1_177' title='bbox 910 2247 997 2312; x_wconf 90' lang='lat' dir='ltr'>mala</span> <span class='ocrx_word' id='word_1_178' title='bbox 1019 2266 1109 2328; x_wconf 89' lang='lat' dir='ltr'>prae-</span> 
     </span>
     <span class='ocr_line' id='line_1_24' title="bbox 101 2331 1160 2417; baseline -0.003 -21"><span class='ocrx_word' id='word_1_179' title='bbox 101 2332 205 2397; x_wconf 89' lang='lat' dir='ltr'>sentia</span> <span class='ocrx_word' id='word_1_180' title='bbox 223 2333 417 2416; x_wconf 88' lang='lat' dir='ltr'>praeteritae</span> <span class='ocrx_word' id='word_1_181' title='bbox 435 2333 627 2416; x_wconf 81' lang='lat' dir='ltr'>voluptates.</span> <span class='ocrx_word' id='word_1_182' title='bbox 661 2331 723 2396; x_wconf 81' lang='lat' dir='ltr'>Sed</span> <span class='ocrx_word' id='word_1_183' title='bbox 742 2355 814 2396; x_wconf 90' lang='lat' dir='ltr'>cum</span> <span class='ocrx_word' id='word_1_184' title='bbox 833 2335 861 2396; x_wconf 90' lang='lat' dir='ltr'>is</span> <span class='ocrx_word' id='word_1_185' title='bbox 880 2333 966 2398; x_wconf 88' lang='lat' dir='ltr'>dicat</span> <span class='ocrx_word' id='word_1_186' title='bbox 984 2355 1109 2417; x_wconf 88' lang='lat' dir='ltr'>semper</span> <span class='ocrx_word' id='word_1_187' title='bbox 1129 2343 1160 2392; x_wconf 72' lang='grc' dir='ltr'>τι</span> 
     </span>
     <span class='ocr_line' id='line_1_25' title="bbox 100 2421 1108 2504; baseline 0.002 -20"><span class='ocrx_word' id='word_1_188' title='bbox 100 2421 233 2485; x_wconf 86' lang='lat' dir='ltr'>beatum</span> <span class='ocrx_word' id='word_1_189' title='bbox 262 2443 331 2486; x_wconf 89' lang='lat' dir='ltr'>esse</span> <span class='ocrx_word' id='word_1_190' title='bbox 359 2422 550 2504; x_wconf 85' lang='lat' dir='ltr'>sapientem,</span> <span class='ocrx_word' id='word_1_191' title='bbox 578 2421 630 2485; x_wconf 91' lang='lat' dir='ltr'>cui</span> <span class='ocrx_word' id='word_1_192' title='bbox 657 2421 761 2486; x_wconf 86' lang='lat' dir='ltr'>dicere</span> <span class='ocrx_word' id='word_1_193' title='bbox 788 2421 863 2502; x_wconf 91' lang='lat' dir='ltr'>hoo,</span> <span class='ocrx_word' id='word_1_194' title='bbox 891 2423 919 2486; x_wconf 88' lang='lat' dir='ltr'>si</span> <span class='ocrx_word' id='word_1_195' title='bbox 949 2421 1012 2486; x_wconf 86' lang='lat' dir='ltr'>sibi</span> <span class='ocrx_word' id='word_1_196' title='bbox 1036 2443 1108 2486; x_wconf 92' lang='lat' dir='ltr'>con-</span> 
     </span>
    </p>

    <p class='ocr_par' dir='ltr' id='par_1_17' title="bbox 58 2509 1109 2945">
     <span class='ocr_line' id='line_1_26' title="bbox 58 2509 1109 2592; baseline -0.002 -17"><span class='ocrx_word' id='word_1_197' title='bbox 58 2511 189 2575; x_wconf 78' lang='lat' dir='ltr'>asstare</span> <span class='ocrx_word' id='word_1_198' title='bbox 215 2509 327 2592; x_wconf 81' lang='lat' dir='ltr'>vellet,</span> <span class='ocrx_word' id='word_1_199' title='bbox 353 2531 419 2574; x_wconf 93' lang='lat' dir='ltr'>non</span> <span class='ocrx_word' id='word_1_200' title='bbox 445 2509 569 2592; x_wconf 87' lang='lat' dir='ltr'>liceret,</span> <span class='ocrx_word' id='word_1_201' title='bbox 597 2509 749 2592; x_wconf 89' lang='lat' dir='ltr'>quidnam</span> <span class='ocrx_word' id='word_1_202' title='bbox 776 2509 959 2574; x_wconf 87' lang='lat' dir='ltr'>faciendum</span> <span class='ocrx_word' id='word_1_203' title='bbox 987 2512 1037 2574; x_wconf 90' lang='lat' dir='ltr'>est</span> <span class='ocrx_word' id='word_1_204' title='bbox 1058 2510 1109 2592; x_wconf 88' lang='lat' dir='ltr'>iis,</span> 
     </span>
     <span class='ocr_line' id='line_1_27' title="bbox 101 2596 1109 2682; baseline 0.002 -21"><span class='ocrx_word' id='word_1_205' title='bbox 101 2597 157 2681; x_wconf 89' lang='lat' dir='ltr'>qui</span> <span class='ocrx_word' id='word_1_206' title='bbox 179 2597 261 2661; x_wconf 90' lang='lat' dir='ltr'>nihil</span> <span class='ocrx_word' id='word_1_207' title='bbox 286 2597 510 2681; x_wconf 85' lang='lat' dir='ltr'>expetendum,</span> <span class='ocrx_word' id='word_1_208' title='bbox 532 2597 613 2662; x_wconf 89' lang='lat' dir='ltr'>nihil</span> <span class='ocrx_word' id='word_1_209' title='bbox 637 2596 789 2662; x_wconf 87' lang='lat' dir='ltr'>inbonis</span> <span class='ocrx_word' id='word_1_210' title='bbox 812 2597 999 2681; x_wconf 86' lang='lat' dir='ltr'>ducendum,</span> <span class='ocrx_word' id='word_1_211' title='bbox 1025 2599 1109 2682; x_wconf 86' lang='lat' dir='ltr'>quod</span> 
     </span>
     <span class='ocr_line' id='line_1_28' title="bbox 100 2683 1109 2770; baseline 0.002 -22"><span class='ocrx_word' id='word_1_212' title='bbox 100 2683 272 2751; x_wconf 87' lang='lat' dir='ltr'>honestate</span> <span class='ocrx_word' id='word_1_213' title='bbox 304 2685 425 2770; x_wconf 72' lang='lat' dir='ltr'>careat,</span> <span class='ocrx_word' id='word_1_214' title='bbox 457 2686 673 2750; x_wconf 79' lang='lat' dir='ltr'>existumant?</span> <span class='ocrx_word' id='word_1_215' title='bbox 729 2685 782 2750; x_wconf 88' lang='lat' dir='ltr'>Me</span> <span class='ocrx_word' id='word_1_216' title='bbox 815 2685 942 2770; x_wconf 86' lang='lat' dir='ltr'>quidem</span> <span class='ocrx_word' id='word_1_217' title='bbox 979 2690 1109 2750; x_wconf 89' lang='lat' dir='ltr'>auctore</span> 
     </span>
     <span class='ocr_line' id='line_1_29' title="bbox 101 2773 1109 2857; baseline -0.001 -19"><span class='ocrx_word' id='word_1_218' title='bbox 101 2773 201 2838; x_wconf 87' lang='lat' dir='ltr'>etiam</span> <span class='ocrx_word' id='word_1_219' title='bbox 223 2773 432 2857; x_wconf 89' lang='lat' dir='ltr'>Peripatetici</span> <span class='ocrx_word' id='word_1_220' title='bbox 455 2777 642 2857; x_wconf 83' lang='lat' dir='ltr'>veteresque</span> <span class='ocrx_word' id='word_1_221' title='bbox 661 2774 846 2839; x_wconf 90' lang='lat' dir='ltr'>Academici</span> <span class='ocrx_word' id='word_1_222' title='bbox 864 2774 1027 2840; x_wconf 89' lang='lat' dir='ltr'>balbutire</span> <span class='ocrx_word' id='word_1_223' title='bbox 1052 2775 1109 2838; x_wconf 90' lang='lat' dir='ltr'>ali·</span> 
     </span>
     <span class='ocr_line' id='line_1_30' title="bbox 101 2861 1108 2945; baseline 0.002 -21"><span class='ocrx_word' id='word_1_224' title='bbox 101 2861 229 2944; x_wconf 89' lang='lat' dir='ltr'>quando</span> <span class='ocrx_word' id='word_1_225' title='bbox 248 2862 398 2927; x_wconf 87' lang='lat' dir='ltr'>desinant</span> <span class='ocrx_word' id='word_1_226' title='bbox 417 2862 589 2945; x_wconf 81' lang='lat' dir='ltr'>aperteque</span> <span class='ocrx_word' id='word_1_227' title='bbox 604 2866 636 2926; x_wconf 91' lang='lat' dir='ltr'>et</span> <span class='ocrx_word' id='word_1_228' title='bbox 651 2862 738 2926; x_wconf 89' lang='lat' dir='ltr'>clara</span> <span class='ocrx_word' id='word_1_229' title='bbox 756 2871 833 2928; x_wconf 85' lang='lat' dir='ltr'>voce</span> <span class='ocrx_word' id='word_1_230' title='bbox 850 2863 990 2928; x_wconf 87' lang='lat' dir='ltr'>audeant</span> <span class='ocrx_word' id='word_1_231' title='bbox 1004 2864 1108 2928; x_wconf 88' lang='lat' dir='ltr'>dicere</span> 
     </span>
    </p>

    <p class='ocr_par' dir='ltr' id='par_1_18' title="bbox 57 2949 1109 3653">
     <span class='ocr_line' id='line_1_31' title="bbox 58 2949 1025 3018; baseline 0.002 -3"><span class='ocrx_word' id='word_1_232' title='bbox 58 2975 87 3015; x_wconf 85' lang='lat' dir='ltr'>ao</span> <span class='ocrx_word' id='word_1_233' title='bbox 100 2949 230 3014; x_wconf 88' lang='lat' dir='ltr'>beatam</span> <span class='ocrx_word' id='word_1_234' title='bbox 252 2951 386 3014; x_wconf 83' lang='lat' dir='ltr'>vitam</span> <span class='ocrx_word' id='word_1_235' title='bbox 377 2973 412 3015; x_wconf 90' lang='lat' dir='ltr'>m</span> <span class='ocrx_word' id='word_1_236' title='bbox 434 2950 615 3015; x_wconf 89' lang='lat' dir='ltr'>Phalaridis</span> <span class='ocrx_word' id='word_1_237' title='bbox 638 2953 768 3015; x_wconf 91' lang='lat' dir='ltr'>taurum</span> <span class='ocrx_word' id='word_1_238' title='bbox 792 2952 1025 3018; x_wconf 84' lang='lat' dir='ltr'>descensuram.</span> 
     </span>
     <span class='ocr_line' id='line_1_32' title="bbox 170 3036 1157 3136; baseline 0.004 -34"><span class='ocrx_word' id='word_1_239' title='bbox 170 3036 242 3102; x_wconf 85' lang='lat' dir='ltr'>Sint</span> <span class='ocrx_word' id='word_1_240' title='bbox 265 3039 349 3102; x_wconf 90' lang='lat' dir='ltr'>enim</span> <span class='ocrx_word' id='word_1_241' title='bbox 372 3039 437 3102; x_wconf 92' lang='lat' dir='ltr'>tria</span> <span class='ocrx_word' id='word_1_242' title='bbox 460 3058 578 3121; x_wconf 84' lang='lat' dir='ltr'>genera</span> <span class='ocrx_word' id='word_1_243' title='bbox 600 3039 773 3123; x_wconf 87' lang='lat' dir='ltr'>bonorum,</span> <span class='ocrx_word' id='word_1_244' title='bbox 795 3042 919 3105; x_wconf 88' lang='lat' dir='ltr'>utram</span> <span class='ocrx_word' id='word_1_245' title='bbox 944 3063 963 3104; x_wconf 89' lang='lat' dir='ltr'>a</span> <span class='ocrx_word' id='word_1_246' title='bbox 985 3041 1157 3136; x_wconf 72' lang='lat' dir='ltr'>laqueis76</span> 
     </span>
     <span class='ocr_line' id='line_1_33' title="bbox 102 3087 1157 3215; baseline 0.004 -25"><span class='ocrx_word' id='word_1_247' title='bbox 102 3123 296 3209; x_wconf 84' lang='lat' dir='ltr'>Stoicorum,</span> <span class='ocrx_word' id='word_1_248' title='bbox 329 3127 444 3210; x_wconf 92' lang='lat' dir='ltr'>quibus</span> <span class='ocrx_word' id='word_1_249' title='bbox 476 3149 571 3190; x_wconf 87' lang='lat' dir='ltr'>usum</span> <span class='ocrx_word' id='word_1_250' title='bbox 603 3149 654 3192; x_wconf 90' lang='lat' dir='ltr'>me</span> <span class='ocrx_word' id='word_1_251' title='bbox 685 3128 845 3213; x_wconf 79' lang='lat' dir='ltr'>pluribusr,</span> <span class='ocrx_word' id='word_1_252' title='bbox 876 3151 973 3213; x_wconf 87' lang='lat' dir='ltr'>quam</span> <span class='ocrx_word' id='word_1_253' title='bbox 1010 3087 1157 3215; x_wconf 71' lang='lat' dir='ltr'>solco,76</span> 
     </span>
     <span class='ocr_line' id='line_1_34' title="bbox 100 3213 1109 3302; baseline 0.006 -25"><span class='ocrx_word' id='word_1_254' title='bbox 100 3213 269 3299; x_wconf 85' lang='lat' dir='ltr'>intellego,</span> <span class='ocrx_word' id='word_1_255' title='bbox 297 3215 495 3293; x_wconf 88' lang='lat' dir='ltr'>recedamus,</span> <span class='ocrx_word' id='word_1_256' title='bbox 524 3216 591 3279; x_wconf 90' lang='lat' dir='ltr'>sint</span> <span class='ocrx_word' id='word_1_257' title='bbox 613 3238 689 3280; x_wconf 88' lang='lat' dir='ltr'>sane</span> <span class='ocrx_word' id='word_1_258' title='bbox 712 3216 770 3280; x_wconf 91' lang='lat' dir='ltr'>illa</span> <span class='ocrx_word' id='word_1_259' title='bbox 800 3237 918 3302; x_wconf 80' lang='lat' dir='ltr'>genera</span> <span class='ocrx_word' id='word_1_260' title='bbox 940 3217 1109 3302; x_wconf 91' lang='lat' dir='ltr'>bonorum,</span> 
     </span>
     <span class='ocr_line' id='line_1_35' title="bbox 101 3301 1109 3391; baseline 0.006 -25"><span class='ocrx_word' id='word_1_261' title='bbox 101 3301 178 3366; x_wconf 90' lang='lat' dir='ltr'>dum</span> <span class='ocrx_word' id='word_1_262' title='bbox 197 3303 339 3387; x_wconf 88' lang='lat' dir='ltr'>corporis</span> <span class='ocrx_word' id='word_1_263' title='bbox 361 3309 389 3368; x_wconf 87' lang='lat' dir='ltr'>et</span> <span class='ocrx_word' id='word_1_264' title='bbox 407 3307 539 3368; x_wconf 83' lang='lat' dir='ltr'>externa</span> <span class='ocrx_word' id='word_1_265' title='bbox 556 3304 684 3368; x_wconf 86' lang='lat' dir='ltr'>iaceant</span> <span class='ocrx_word' id='word_1_266' title='bbox 701 3303 794 3369; x_wconf 91' lang='lat' dir='ltr'>humi</span> <span class='ocrx_word' id='word_1_267' title='bbox 808 3310 841 3369; x_wconf 86' lang='lat' dir='ltr'>et</span> <span class='ocrx_word' id='word_1_268' title='bbox 857 3308 985 3370; x_wconf 85' lang='lat' dir='ltr'>tantum</span> <span class='ocrx_word' id='word_1_269' title='bbox 1003 3308 1109 3391; x_wconf 88' lang='lat' dir='ltr'>modo,</span> 
     </span>
     <span class='ocr_line' id='line_1_36' title="bbox 57 3388 1109 3476; baseline 0.003 -20"><span class='ocrx_word' id='word_1_270' title='bbox 57 3389 179 3475; x_wconf 79' lang='lat' dir='ltr'>asquia</span> <span class='ocrx_word' id='word_1_271' title='bbox 202 3388 407 3456; x_wconf 85' lang='lat' dir='ltr'>sumenda</span> <span class='ocrx_word' id='word_1_272' title='bbox 381 3395 446 3456; x_wconf 88' lang='lat' dir='ltr'>smt</span> <span class='ocrx_word' id='word_1_273' title='bbox 452 3392 687 3476; x_wconf 87' lang='lat' dir='ltr'>‚appellentur</span> <span class='ocrx_word' id='word_1_274' title='bbox 708 3393 807 3476; x_wconf 88' lang='lat' dir='ltr'>bona,</span> <span class='ocrx_word' id='word_1_275' title='bbox 833 3393 897 3458; x_wconf 89' lang='lat' dir='ltr'>alia</span> <span class='ocrx_word' id='word_1_276' title='bbox 919 3396 1028 3458; x_wconf 85' lang='lat' dir='ltr'>autem</span> <span class='ocrx_word' id='word_1_277' title='bbox 1051 3396 1109 3460; x_wconf 89' lang='lat' dir='ltr'>illa</span> 
     </span>
     <span class='ocr_line' id='line_1_37' title="bbox 101 3479 1107 3633; baseline 0.004 -90"><span class='ocrx_word' id='word_1_278' title='bbox 101 3479 211 3544; x_wconf 79' lang='lat' dir='ltr'>divina</span> <span class='ocrx_word' id='word_1_279' title='bbox 227 3480 323 3564; x_wconf 84' lang='lat' dir='ltr'>longe</span> <span class='ocrx_word' id='word_1_280' title='bbox 341 3480 470 3633; x_wconf 82' lang='lat' dir='ltr'>lateque</span> <span class='ocrx_word' id='word_1_281' title='bbox 485 3501 518 3544; x_wconf 89' lang='lat' dir='ltr'>se</span> <span class='ocrx_word' id='word_1_282' title='bbox 537 3480 681 3563; x_wconf 88' lang='lat' dir='ltr'>pandant</span> <span class='ocrx_word' id='word_1_283' title='bbox 699 3482 885 3565; x_wconf 87' lang='lat' dir='ltr'>caelumque</span> <span class='ocrx_word' id='word_1_284' title='bbox 904 3482 1107 3568; x_wconf 79' lang='lat' dir='ltr'>contingant3</span> 
     </span>
     <span class='ocr_line' id='line_1_38' title="bbox 101 3568 1107 3653; baseline 0.004 -21"><span class='ocrx_word' id='word_1_285' title='bbox 101 3589 140 3632; x_wconf 89' lang='lat' dir='ltr'>ea</span> <span class='ocrx_word' id='word_1_286' title='bbox 171 3568 227 3652; x_wconf 90' lang='lat' dir='ltr'>qui</span> <span class='ocrx_word' id='word_1_287' title='bbox 259 3568 395 3653; x_wconf 84' lang='lat' dir='ltr'>adeptus</span> <span class='ocrx_word' id='word_1_288' title='bbox 422 3569 477 3652; x_wconf 86' lang='lat' dir='ltr'>sit,</span> <span class='ocrx_word' id='word_1_289' title='bbox 510 3589 566 3633; x_wconf 91' lang='lat' dir='ltr'>cur</span> <span class='ocrx_word' id='word_1_290' title='bbox 593 3591 665 3633; x_wconf 90' lang='lat' dir='ltr'>eum</span> <span class='ocrx_word' id='word_1_291' title='bbox 692 3569 823 3634; x_wconf 88' lang='lat' dir='ltr'>beatum</span> <span class='ocrx_word' id='word_1_292' title='bbox 850 3569 1012 3636; x_wconf 86' lang='lat' dir='ltr'>modot</span> <span class='ocrx_word' id='word_1_293' title='bbox 979 3575 1012 3636; x_wconf 86' lang='lat' dir='ltr'>et</span> <span class='ocrx_word' id='word_1_294' title='bbox 1042 3593 1107 3636; x_wconf 93' lang='lat' dir='ltr'>non</span> 
     </span>
    </p>
   </div>
   <div class='ocr_carea' id='block_1_4' title="bbox 839 3673 894 3728">
    <p class='ocr_par' dir='ltr' id='par_1_19' title="bbox 839 3673 894 3728">
     <span class='ocr_line' id='line_1_39' title="bbox 839 3673 894 3728; baseline 0 0"><span class='ocrx_word' id='word_1_295' title='bbox 839 3673 894 3728; x_wconf 77' lang='lat'>29*</span> 
     </span>
    </p>
   </div>
   <div class='ocr_carea' id='block_1_5' title="bbox 1119 3007 1160 3071">
    <p class='ocr_par' dir='ltr' id='par_1_20' title="bbox 1119 3007 1160 3071">
     <span class='ocr_line' id='line_1_40' title="bbox 1119 3007 1160 3071; baseline 0.024 -1"><span class='ocrx_word' id='word_1_296' title='bbox 1119 3007 1160 3071; x_wconf 80' lang='lat'>27</span> 
     </span>
    </p>
   </div>
   <div class='ocr_carea' id='block_1_6' title="bbox 614 3759 634 3792">
    <p class='ocr_par' dir='ltr' id='par_1_21' title="bbox 614 3759 634 3792">
     <span class='ocr_line' id='line_1_41' title="bbox 614 3759 634 3792; baseline 0 0"><span class='ocrx_word' id='word_1_297' title='bbox 614 3759 634 3792; x_wconf 77' lang='grc' dir='ltr'><strong><em>Ι</em></strong></span> 
     </span>
    </p>
   </div>
   <div class='ocr_carea' id='block_1_7' title="bbox 0 0 1279 3956">
    <p class='ocr_par' dir='ltr' id='par_1_22' title="bbox 0 0 1279 3956">
     <span class='ocr_line' id='line_1_42' title="bbox 0 0 1279 3956; baseline 0 0"><span class='ocrx_word' id='word_1_298' title='bbox 0 0 1279 3956; x_wconf 95' lang='lat' dir='ltr'> </span> 
     </span>
    </p>
   </div>
  </div>
 </body>
</html>
