2574 3956
162 227 225 292 150
323 229 371 282 on
390 200 733 282 riurnussouonou
750 227 798 282 nr
818 226 1000 283 unicornu

138 390 289 473 'metuit
311 391 416 454 iustus
439 393 502 468 est,
525 394 557 454 et
580 393 679 472 certe,
704 389 731 454 si
750 394 891 454 metuere
910 389 1081 471 destiterit,
1103 412 1172 455 non

161 479 235 560 erit3
257 500 322 543 non
345 482 469 542 metuet
492 482 614 561 autem,
638 478 705 542 sive
729 478 834 541 celare
856 479 991 561 poterit,
1014 479 1082 541 sive
1101 479 1173 561 opi·

160 567 220 631 bus
243 567 385 651 magnis,
408 566 558 650 quioquid
581 565 704 649 fecerit,
729 566 885 650 obtinere,
905 570 1051 650 certeque
1069 567 1172 630 malet

161 655 337 718 existimari
364 655 468 718 bonus
497 655 560 738 vir,
587 656 624 717 ut
644 675 710 718 non
734 655 789 736 sit,
819 674 916 737 quam
939 675 1022 737 csse,
1044 657 1081 717 ut
1103 677 1172 719 non

159 746 298 826 putetur.
348 741 400 807 Ita
428 741 526 825 [quod
554 742 767 805 certissimum
796 743 858 820 est]
882 764 941 824 pro
966 763 1044 806 vera
1066 745 1198 807 certa-5

161 853 221 915 que
244 829 371 895 iustitia
390 829 629 895 simulationem
651 829 746 893 nobis
770 830 911 894 iustitiae
930 830 1059 894 traditis
1079 853 1171 913 prae·
1271 843 1272 860 ¹

160 919 331 1002 cipitisque
360 918 498 1002 quodam
525 918 634 1000 modo,
664 921 701 981 ut
731 920 877 982 nostram
910 918 1061 982 stabilem
1095 939 1170 983 eon-

162 1007 330 1070 scientiam
353 1009 607 1088 contemnamus,
636 1005 773 1070 aliorum
801 1005 961 1070 errantem
985 1007 1171 1089 opinionem
1273 1011 1274 1016 ’

109 1113 141 1160 ta
161 1117 364 1178 aucupemur.
419 1092 507 1169 Quae
539 1093 602 1158 dici
633 1093 743 1158 eadem
777 1093 815 1158 de
848 1095 962 1158 ceteris
995 1093 1171 1158 virtutibus

99 1223 105 1230 -
160 1186 311 1266 possunt,
339 1204 473 1266 quarum
502 1182 645 1246 omnium
676 1181 887 1246 fundamenta
867 1203 986 1334 ανοεῬ
999 1183 1033 1246 in
1056 1183 1212 1265 volup-10

161 1273 228 1334 taet
161 1269 449 1354 te'tamquam
439 1291 471 1332 1n
497 1292 581 1352 aqua
603 1269 734 1352 ponitis.
772 1269 855 1344 Quid
879 1271 964 1334 enim
970 1269 1171 1334 Psortemne
1273 1283 1274 1334 l

160 1379 330 1441 possumus
358 1357 462 1422 dicere
491 1357 627 1421 eundem
653 1358 746 1421 illum
776 1358 994 1442 Torquatum?
1018 1395 1060 1404 —
1106 1358 1171 1422 De·
1273 1341 1274 1374 ¹

160 1447 263 1510 lector
291 1445 390 1529 enim,
414 1443 608 1529 quamquam
635 1449 668 1508 te
690 1467 757 1509 non
783 1468 930 1528 possum,
954 1447 1076 1528 uteie,
1101 1467 1171 1510 cor·

127 1563 129 1566 ·
161 1555 318 1618 rumpere,
337 1496 487 1618 delector,
505 1534 645 1617 inquam,
665 1538 698 1597 et
715 1533 841 1598 familia
859 1538 1016 1598 vestrae
1029 1535 1171 1598 nomine.

160 1623 205 1687 ut
227 1623 356 1687 hercule
379 1623 459 1687 mihi
486 1622 536 1686 vir
559 1622 700 1706 optimus
723 1625 798 1686 nost
798 1622 889 1706 rique
919 1645 1014 1685 aman
1015 1622 1196 1705 tissimus,1
1187 1647 1212 1687 15
1273 1671 1274 1730 ,

160 1711 198 1774 A.
231 1712 423 1796 Torquatus,
455 1714 602 1774 versatur
634 1713 708 1774 ante
742 1710 865 1792 oculos,
896 1711 985 1775 cuius
1014 1714 1171 1794 quantum
1273 1731 1274 1778 l

161 1798 302 1864 studium
331 1803 369 1863 et
391 1821 488 1883 quam
515 1799 641 1882 insigne
668 1797 768 1862 fuerit
753 1800 867 1882 terga
889 1819 940 1861 me
968 1798 1171 1882 temporibus
1273 1821 1274 1866 3

160 1888 240 1971 illis,
258 1909 340 1971 quae
359 1890 438 1952 nota
457 1909 516 1950 sun
518 1886 730 1987 tomnibus‚
733 1885 813 1950 scire
832 1907 961 1950 necesse
981 1889 1030 1949 est
1047 1889 1171 1948 utrum·

161 1997 222 2058 que
254 1978 410 2058 vestrum,
443 1996 524 2058 quae
557 1973 745 2057 mihiipsi,
778 1974 833 2057 qui
865 1973 939 2038 volo
973 1976 1005 2038 et
1037 1995 1105 2037 esse
1138 1978 1172 2036 et

160 2062 274 2126 haberi
293 2066 420 2147 gratus,
444 2065 538 2146 grata
556 2083 621 2125 non
641 2064 759 2144 essent,
782 2061 845 2126 nisi
865 2083 937 2126 eum
956 2061 1172 2145 perspicerem
1186 2089 1213 2126 ao

160 2171 234 2214 mea
266 2171 362 2214 causa
393 2149 473 2213 mihi
505 2150 644 2214 amicum
676 2149 790 2233 luisse,
821 2171 889 2214 non
917 2171 988 2232 sua,
1016 2150 1081 2213 nisi
1109 2149 1172 2214 hoe

162 2239 240 2302 dicis
264 2260 337 2322 sua,
367 2237 452 2321 quod
476 2239 612 2301 interest
636 2238 778 2302 omnium
802 2242 889 2302 recte
911 2237 1024 2302 iacere.
1076 2235 1110 2302 si
1138 2237 1173 2302 id

163 2326 255 2409 dicis,
278 2327 429 2390 vicimus?
466 2325 504 2389 ld
528 2325 613 2389 enim
636 2324 797 2407 volumus,
822 2325 856 2389 id
880 2325 1112 2408 contendimus,
1135 2330 1174 2388 ut

109 2432 141 2480 73
163 2414 261 2480 officii
287 2414 412 2479 fructus
436 2414 479 2478 sit
504 2415 611 2497 ipsum
634 2413 785 2478 officium.
834 2411 906 2477 Hoc
928 2413 984 2477 ille
1007 2417 1082 2478 tuus
1105 2435 1173 2478 non

162 2505 232 2568 vult
254 2503 466 2586 omnibusque
490 2523 529 2566 ex
546 2502 641 2566 rebus
660 2502 860 2584 voluptatem
883 2501 974 2584 quasi
993 2501 1171 2564 mercedem
1188 2528 1214 2568 2⁵

162 2592 272 2675 exigit.
308 2589 370 2656 Sed
395 2590 435 2654 ad
458 2589 553 2654 illum
576 2589 680 2653 redeo.
720 2587 754 2652 Si
776 2589 953 2672 voluptatis
978 2610 1173 2654 causacum

163 2679 259 2743 Gallo
283 2680 368 2762 apud
390 2678 548 2741 Anienem
571 2676 767 2762 depugnavit
784 2680 976 2760 provocatus
996 2681 1028 2740 et
1047 2699 1084 2741 ex
1104 2677 1173 2741 eius

163 2767 275 2849 spoliis
310 2766 372 2830 sibi
405 2769 438 2828 ct
468 2769 616 2849 torquem
648 2769 681 2827 ct
713 2785 892 2848 cognomen
931 2764 1037 2828 induit
1071 2765 1173 2828 ullam

163 2854 260 2918 aliam
284 2854 325 2918 ob
349 2875 493 2935 causam,
520 2852 585 2916 nisi
608 2852 692 2935 quod
715 2853 744 2916 ei
768 2852 850 2916 talia
872 2852 960 2916 facta
983 2852 1080 2937 digna
1103 2853 1173 2916 viro

162 2942 369 3024 videbantur,
397 2940 515 3004 fortem
537 2961 608 3004 non
635 2943 723 3023 put0.
767 2939 838 3003 lam
861 2941 888 3003 si
911 2939 1026 3025 pudor,
1053 2941 1081 3004 si
1104 2963 1173 3006 mo·
1188 2968 1215 3007 ao

163 3030 279 3112 destia,
303 3028 330 3092 si
353 3027 521 3112 pudicitia,
550 3027 578 3091 si
601 3049 665 3092 uno
688 3027 787 3092 verbo
811 3030 1029 3110 temperantia
1050 3049 1174 3111 poenae

163 3120 219 3182 aut
245 3116 399 3180 infamiae
426 3119 513 3180 meto
543 3117 788 3197 coercebuntur,
819 3136 886 3180 non
913 3117 1083 3180 sanctitate
1116 3138 1176 3180 sua

163 3228 197 3270 se
224 3205 414 3288 tuebuntur,
443 3203 527 3288 quod
555 3203 759 3286 adulterium,
788 3203 872 3286 quod
901 3207 1062 3287 stuprum,
1093 3227 1175 3288 quae

162 3293 263 3359 libido
296 3315 363 3358 non
396 3313 430 3356 se
458 3292 616 3376 proripiet
644 3314 681 3356 ac
708 3291 847 3376 proiciet
874 3295 931 3355 aut
960 3293 1175 3357 occultatione

111 3397 144 3445 74
162 3382 331 3466 proposita
358 3383 414 3445 aut
438 3381 632 3464 impunitate
661 3382 717 3443 aut
743 3378 897 3444 licentia?
948 3378 1055 3454 Quid?
1084 3380 1175 3462 illud,
1190 3405 1216 3446 35

163 3469 337 3553 Torquate,
365 3469 461 3552 quale
488 3469 618 3532 tandem
646 3467 785 3550 videtur,
813 3470 845 3530 te
873 3467 936 3531 isto
960 3469 1104 3549 nomine,
1127 3468 1193 3531 in-·

163 3556 271 3639 genio,
290 3556 410 3640 gloria,
428 3577 509 3640 quae
528 3555 621 3633 facis,
641 3575 722 3638 quae
741 3553 875 3638 cogitas,
897 3574 978 3638 quae
998 3555 1176 3638 contendis,
