2564 3950
165 201 233 264 266
329 201 378 255 DE
396 199 541 256 FINIBUS
559 200 740 256 BONORUM
757 201 805 255 ΕΤ
824 199 1007 256 MALOIlUM

164 364 236 428 sine
259 361 323 427 illis
347 363 451 446 possit
473 363 570 428 beata
587 364 655 428 vita
674 364 836 428 exsistere.
871 363 924 428 Ita
946 363 1033 428 euim
1056 385 1176 447 parvae
1271 367 1272 396 ³

167 455 200 516 et
223 451 357 534 exiguae
381 455 463 536 sunt
479 451 561 516 istae
584 452 785 516 accessiones
808 453 983 535 bonorum,
1006 455 1056 533 ut,
1079 473 1175 536 quem

167 538 207 602 ad
235 538 366 604 modum
394 539 508 603 stellae
535 540 570 603 in
597 539 695 604 radiis
728 539 834 622 solis„
854 540 900 603 sic
931 541 1012 603 istae
1044 541 1078 604 in
1109 541 1176 603 xir—
1271 607 1272 616 χ

113 639 147 686 72
167 629 274 691 tutum
306 625 474 711 splendore
505 647 547 690 ne
580 630 752 691 cernantur
783 627 920 712 quidem.
974 626 1083 711 Atque
1113 627 1175 692 hoc
1271 621 1272 694 l

166 718 203 778 ut
229 735 302 778 vere
331 714 459 797 dicitur,
486 735 588 798 parva
615 735 684 779 esse
711 715 752 778 ad
783 715 878 788 beate
906 714 1078 779 vivendum
1106 735 1202 782 mox

166 806 276 866 menta
298 803 362 867 ista
380 805 524 886 corporis
544 802 792 886 commodorum,
815 803 863 867 sic
880 803 981 866 nimis
998 803 1174 867 violentum
1271 879 1272 896 ἵ

163 894 216 955 est
241 890 333 954 nulla
360 911 430 954 esse
457 890 575 974 dicere3
603 890 658 974 qui
686 891 770 954 enim
799 891 845 955 sio
868 891 1061 974 disputant‚-
1079 891 1175 955 obliti
1271 897 1272 974 l

165 978 247 1042 mihi
279 978 442 1062 videntur,
471 1000 552 1062 quae
578 979 643 1062 ipsi
670 978 806 1042 fecerint
837 978 998 1062 principia
1028 983 1175 1042 naturae,
1271 981 1272 1004 ³

165 1066 383 1130 Tribuendum
407 1071 457 1129 est
478 1067 580 1150 igitur
601 1065 652 1129 his
677 1065 810 1150 aliquid,
838 1065 913 1130 dum
937 1067 1045 1149 modo,
1075 1087 1174 1150 quan·

162 1159 235 1216 tum
257 1153 462 1217 tribuendum
485 1154 540 1236 sit,
563 1153 743 1238 intellegas.
794 1152 857 1219 Est
878 1153 966 1218 enim
988 1153 1176 1238 philosophi
1191 1184 1215 1220 ιο

163 1244 316 1304 nontam
335 1241 478 1324 gloriosa
496 1262 592 1323 quarn
611 1263 689 1306 vera
708 1242 892 1325 quaerentis
910 1263 969 1307 nec
991 1242 1174 1325 pronihilo

164 1331 279 1411 putare
307 1349 357 1411 ea,
385 1349 467 1410 quae
496 1328 668 1410 secundum
695 1333 845 1394 naturam
871 1330 922 1393 illi
948 1331 1011 1413 ipsi
1040 1331 1175 1416 gloriosi

165 1436 235 1479 esee
257 1415 434 1499 fateantur,
456 1417 489 1480 et
511 1415 619 1480 videre
642 1421 770 1481 tentam
792 1417 858 1481 vim
882 1418 1013 1482 virtutis
1036 1423 1174 1482 tantam

165 1524 241 1587 que,
264 1508 302 1568 ut
319 1505 366 1567 ita
384 1503 502 1588 dicam,
525 1505 752 1568 auctoritatem
772 1504 968 1589 honestatis,
991 1509 1027 1569 ut
1049 1507 1175 1591 reliqua

163 1613 231 1656 non
257 1592 315 1656 illa
342 1592 471 1676 quidem
498 1593 600 1675 nulla,
628 1593 684 1657 sed
711 1593 759 1657 ita
785 1613 889 1676 parva
915 1593 992 1676 sint,
1021 1597 1060 1657 ut
1081 1595 1175 1658 nulla
1189 1623 1214 1662 15

162 1701 235 1744 esse
255 1680 433 1744 videantur.
469 1677 558 1745 Haec
576 1683 625 1743 est
643 1701 701 1745 nec
721 1681 829 1744 omnia
848 1681 1028 1764 spernentis
1046 1686 1175 1764 praeter

164 1769 316 1832 virtutem
335 1771 368 1832 et
385 1769 541 1832 virtutem
559 1769 663 1852 ipsam
688 1769 753 1832 suis
777 1769 926 1832 laudibus
945 1770 1173 1852 amplificantis

166 1857 284 1940 oratio,
307 1856 443 1940 denique
467 1855 547 1920 haec
566 1859 615 1919 est
632 1855 772 1939 undique
790 1857 952 1940 completa
974 1862 1008 1920 et
1029 1857 1174 1941 perfecta

165 1943 339 2027 explicatio
358 1944 474 2007 summi
492 1943 579 2006 honi.
611 1942 699 2007 Hinc
717 1945 816 2008 ceteri
835 1944 1013 2026 particulas
1032 1946 1174 2029 arripere

113 2031 273 2152 25conati
299 2051 391 2094 suam
414 2031 549 2130 quisque
575 2030 676 2095 videri
702 2032 806 2096 voluit
834 2032 946 2097 afferre
970 2035 1173 2135 seutentiam.
1188 2061 1213 2100 20

112 2166 146 2214 ²³
166 2208 216 2268 aa
233 2115 707 2288 fatltsaalittlttat
720 2118 955 2292 tlttltsstt
973 2122 1174 2292 tlallltl

164 2291 287 2357 Erillus
316 2292 485 2358 scientiam
513 2314 674 2358 summum
701 2295 822 2358 bonum
850 2317 920 2359 esse
947 2295 1092 2360 defendit
1114 2318 1174 2362 neo

164 2403 233 2444 rem
265 2381 366 2445 ullam
398 2381 498 2446 aliam
529 2403 588 2466 per
615 2403 649 2446 se
677 2383 897 2467 expetendam.
951 2382 1055 2453 Multa
1086 2383 1175 2450 dieta

163 2473 241 2534 sunt
277 2469 318 2534 ab
355 2470 496 2553 antiquis
535 2470 574 2534 de
610 2471 850 2536 contemnendis
887 2491 924 2535 ac
960 2471 1174 2555 despiciendis
1188 2501 1212 2540 25
1271 2495 1272 2542 l

164 2557 261 2622 rebus
280 2557 444 2640 humani13
466 2558 528 2621 hoo
545 2578 645 2622 unum
663 2558 776 2623 Aristo
799 2559 917 2624 tenuit:
940 2565 1071 2642 praeter
1090 2560 1171 2640 xitie

163 2647 262 2728 atque
284 2645 420 2709 virtutes
443 2647 577 2728 negauit
598 2667 667 2710 rem
691 2667 761 2710 esso
783 2646 883 2710 ullam
907 2653 964 2711 aut
985 2644 1174 2732 fugiendam
1271 2703 1272 2720 ,

163 2736 222 2794 aut
249 2733 468 2816 expetendam.
519 2732 666 2798 Positum
694 2737 744 2798 est
772 2756 792 2797 a
817 2735 939 2799 nostris
970 2735 1005 2798 in
1032 2735 1073 2800 iis
1102 2757 1174 2801 esse
1271 2721 1272 2808 i

164 2820 274 2901 rebus,
302 2841 384 2903 quae
412 2821 585 2885 secundum
616 2825 765 2885 naturam
797 2826 919 2904 essent,
949 2843 1016 2889 non
1048 2823 1173 2908 dolere3

164 2906 226 2972 hoo
245 2905 462 2990 Hieronymus
486 2927 647 2973 summum
669 2909 791 2974 bouum
807 2930 877 2974 esse
900 2910 991 2974 dixit.
1025 2909 1073 2973 At
1094 2931 1172 2976 vero
1187 2939 1211 2980 so
1271 2923 1272 2978 ἶ

163 2993 314 3078 Callipho
338 2999 371 3059 et
392 2999 468 3078 post
486 3017 559 3060 eum
577 2995 754 3079 Diodorus,
777 3017 849 3061 cum
868 2999 952 3064 alter
968 2997 1173 3080 voluptatem
1271 3009 1272 3034 ³

162 3083 361 3165 adamasset,
386 3085 468 3147 alter
489 3084 687 3149 vacuitatem
709 3085 845 3169 doloris,
867 3089 981 3150 neuter
1002 3085 1173 3151 honestate
1271 3091 1272 3164 ξ

165 3191 272 3235 carere
304 3171 425 3253 potuit,
462 3191 543 3255 quae
575 3175 626 3236 est
657 3193 677 3236 a
706 3173 828 3237 nostris
861 3173 992 3237 laudata
1023 3175 1173 3239 maxime.
1271 3167 1272 3204 ³

113 3278 146 3326 74
166 3258 249 3332 Quin
281 3259 380 3321 etiam
416 3259 481 3340 ipsi
511 3259 687 3341 voluptarii
723 3260 918 3324 deverticula
949 3265 1107 3344 quaerunt
1140 3266 1173 3326 et

164 3347 301 3408 virtutes
324 3345 447 3408 habent
468 3345 504 3408 in
522 3366 577 3408 ore
600 3350 688 3410 totos
714 3346 782 3410 dies
800 3348 1063 3431 voluptatemque
1082 3350 1172 3432 dum·
1185 3377 1210 3418 oe

163 3433 256 3494 taxat
277 3433 381 3514 primo
405 3431 511 3514 expeti
534 3431 657 3517 dicunt,
686 3433 800 3498 deinde
823 3435 1055 3500 consuetudine
1079 3439 1172 3521 quasi

164 3516 300 3580 alteram
331 3518 492 3602 quandam
514 3521 664 3583 naturam
697 3520 793 3599 effici,
823 3543 887 3605 qua
913 3523 1045 3605 impulsi
1068 3525 1174 3588 multa
