2544 3952
324 219 392 275 ΜΒ.
411 219 459 274 ΙΠ,
488 219 564 274 cnP.
584 227 707 276 er-se.
735 225 890 288 §re-re.
1041 220 1105 284 387

144 381 341 466 Siquidem
373 383 437 466 qui
472 381 742 466 tempestivam
779 383 1006 448 medicinam
1044 384 1106 448 ad·

862 492 1016 536 movens

141 557 226 624 Non
250 559 532 642 ddgravescens
555 559 692 624 vo'lnus
715 559 858 624 inlidat
881 581 1001 624 manu.

164 733 239 800 Erit
252 734 353 820 igitur
366 735 401 799 in
415 735 691 801 consolationibus
705 737 981 820 primamedicina
992 736 1106 801 docere
1116 712 1158 838 372,

97 827 156 886 eut
177 823 301 887 nullum
321 822 443 888 malum
465 845 534 888 esse
559 828 615 888 aut
637 824 809 888 admodum
831 845 981 907 parvum,
1004 825 1107 889 altera

68 934 82 973 s
98 914 132 976 et
149 911 188 974 de
206 913 369 976 communi
388 911 574 978 condicione
592 913 678 976 vitae
697 915 730 976 et
752 913 894 996 proprie,
918 913 945 976 si
968 912 1045 996 quid
1064 913 1107 976 sit

96 999 137 1063 de
160 998 275 1082 ipsius,
298 999 353 1082 qui
377 1002 532 1084 maereat,
556 998 798 1084 disputandum,
826 1001 925 1064 tertia
948 1021 1106 1064 summam

97 1107 168 1152 esse
187 1087 362 1151 stultitiam
384 1088 507 1152 frustra
525 1087 638 1154 confici
658 1107 815 1171 maerore,
839 1109 910 1152 cunr
933 1089 1107 1174 intellegas

95 1175 143 1240 nil
170 1195 268 1260 posse
292 1175 413 1259 profici.
461 1175 547 1241 Nam
571 1173 744 1241 Cleanthes
773 1176 901 1261 quidem
926 1177 1116 1261 sapientem·

96 1263 298 1346 consolatur,
330 1265 384 1348 qui
417 1263 638 1330 consolatione
667 1286 733 1330 non
765 1268 847 1349 eget.
898 1263 999 1330 Nihil²
1020 1266 1106 1330 enim

54 1375 81 1414 ιο
96 1373 169 1416 esse
196 1353 331 1434 malum,
359 1352 445 1436 quod
471 1356 566 1436 turpe
591 1373 658 1417 non
685 1353 742 1437 sit,
769 1354 797 1418 si
826 1353 952 1437 lugenti
978 1373 1112 1437 persua*

96 1441 192 1524 seris,
223 1462 288 1506 non
320 1444 356 1504 tu
385 1440 434 1504 illi
460 1440 596 1524 luctum,
628 1441 685 1506 sed
712 1441 887 1506 stultitiam
902 1441 1105 1526 ‘detraxerim

96 1529 239 1592 alienum
262 1533 371 1593 autem
394 1532 522 1612 tempus
544 1529 686 1595 docendi.
730 1527 776 1593 Et
801 1534 911 1594 tamen
937 1551 1012 1594 non*
1025 1527 1105 1593 setis

95 1616 185 1681 mihi¹
200 1617 328 1681 videtur
349 1617 469 1682 vidisse
491 1618 553 1683 hoc
576 1615 763 1701 Cleanthes,
789 1617 909 1700 suscipi
932 1618 1107 1701 aliquando

96 1705 333 1791 aegritudinem
360 1725 456 1788 posse
483 1727 521 1770 ex
550 1727 587 1770 eo
615 1706 700 1789 ipso,
733 1705 820 1789 quod
847 1723 917 1769 esse
945 1725 1106 1770 summurn

55 1817 81 1856 15
96 1795 219 1858 malum
244 1791 455 1875 [Cleanthes]
468 1792 535 1878 ipie
557 1793 706 1859 fateatur.
743 1793 827 1869 Quid
848 1794 932 1858 enim
955 1793 1106 1876 dicemus,

96 1905 170 1946 cum
203 1879 354 1947 Socrates
383 1881 546 1947 Alcibiadi
579 1883 811 1966 persuasisset,
846 1886 898 1946 ut
915 1882 1106 1965 accepimus,

96 1993 170 2034 eum
192 1969 275 2034 nihil
298 1970 439 2036 hominis
462 1988 546 2055 esse,
572 1992 631 2036 nec
661 1972 832 2056 quicquam
855 1970 939 2033 inter
961 1969 1106 2034 Alcibia-

96 2059 168 2124 dem
188 2077 312 2124 summo
336 2059 409 2123 loeo
426 2062 541 2124 natum
559 2063 600 2123 et·
610 2058 755 2144 quemvis
776 2059 919 2122 baiolum
939 2058 1106 2141 interesse,

95 2169 169 2212 oum
206 2169 240 2211 se
273 2146 457 2211 Alcibiades
494 2147 679 2212 adflictaret*
710 2147 944 2230 lacrimansque
981 2145 1106 2212 Socrati

55 2259 82 2297 eo
96 2237 232 2320 supplex
255 2237 352 2319 esset,
374 2239 412 2300 ut
434 2235 498 2300 sibi
520 2235 673 2300 virtutem
695 2235 838 2300 truderet
857 2235 1106 2319 turpitudinem-

96 2345 157 2408 que
181 2323 368 2406 depelleret,
395 2323 472 2409 quid
500 2324 655 2407 dicemus,
684 2321 877 2388 Cleanthe?
892 2341 968 2388 num
991 2324 1025 2387 in
1047 2323 1106 2386 illa

95 2433 143 2490 re,
168 2433 249 2496 quae
273 2411 695 2496 aegritudine'Alcibiadenr
714 2410 899 2494 adficiebat}
922 2411 1001 2474 mali
1022 2411 1106 2474 nihil

95 2499 216 2564 fuisse?
262 2498 366 2575 Quid?
389 2499 448 2564 illa
465 2498 605 2583 Lyconis
633 2498 743 2584 qualia
765 2498 862 2563 sunt?
886 2499 942 2581 qui
964 2499 1105 2583 aegritu·
1124 2512 1157 2560 78

96 2589 204 2653 dinem
236 2591 412 2652 extenuans
443 2588 553 2671 parvis
583 2589 628 2652 ait
655 2606 727 2652 cem
753 2587 849 2650 rebus
877 2587 1014 2669 mereri,
1040 2587 1105 2652 for-

57 2682 197 2741 ortunae
212 2680 245 2740 et
264 2675 406 2760 corporis
419 2667 651 2759 incommodis,
674 2693 740 2740 non
760 2675 864 2739 animi
880 2674 986 2739 malis.
1021 2673 1105 2749 Quid

97 2765 197 2850 ergo?
224 2763 318 2845 illud,
346 2764 431 2849 quod
458 2763 643 2830 Alcibiades
671 2763 816 2846 dolebat,
844 2781 911 2828 non
937 2779 983 2827 er*
1005 2764 1105 2827 animi

96 2853 191 2918 malis
214 2852 365 2936 vitiisque
388 2853 588 2917 constabat?
620 2852 671 2916 Ad
694 2849 829 2934 Epicuri
852 2851 1105 2916 consolationem

97 2941 176 3005 satis
199 2945 250 3005 est
272 2946 349 3004 ante
371 2941 502 3005 dictum.
834 2985 837 2994 .

160 3028 213 3094 Ne
238 3029 299 3093 illa·
323 3028 452 3113 quidem
479 3027 673 3092 firmissima*
693 3028 875 3092 consolatio
901 3031 964 3110 est,
994 2997 1156 3123 quam-3739

59 3147 83 3185 ³⁰
97 3137 192 3270 tlt
220 3114 1105 3288 Atltttt,latitt'tttttlttttlt

97 3316 154 3360 nec
172 3295 336 3377 omnibus3
360 3297 435 3357 sunt
453 3295 538 3356 enim
561 3254 803 3376 qui⁷respuani3
828 3291 883 3356 sed
904 3290 1017 3373 ruere,
1040 3311 1103 3374 quo

97 3384 195 3448 modo
211 3382 409 3446 adhibeatur.
446 3380 492 3446 Ut
511 3381 596 3445 enim
614 3381 728 3445 tulerit
750 3381 884 3464 quisque
903 3399 1023 3461 eorum,
1049 3378 1104 3462 qui

98 3472 258 3556 sapienter
286 3470 442 3548 tulerunt,
472 3490 537 3534 non
564 3491 627 3553 quo
656 3469 790 3552 quisque
817 3466 1020 3532 incommodo
1053 3466 1105 3529 ad-

60 3586 85 3626 a
98 3559 201 3625 lectus
222 3560 280 3642 sit,
303 3558 552 3643 praedicandum
575 3563 632 3620 est.
673 3554 910 3638 Chrysippios
933 3556 1102 3619 veritatem

890 3658 944 3712 25*
