2544 3952
154 194 220 260 380
346 191 645 249 TUSCULANARUM
663 191 966 250 DISPUTATIONUM

196 355 404 422 Reddenda
421 360 550 420 terrae
569 360 627 420 est
649 357 765 439 terra,
787 358 867 422 tum
886 356 968 422 vita
986 357 1164 424 omnibus

197 443 393 528 Mete'nda,
411 447 453 510 ut
474 443 614 528 fruges
660 441 722 508 Sic
745 443 855 508 iubet
875 443 908 510 N
914 449 1057 510 ecessr
1062 467 1111 512 as.

100 580 135 630 oo
153 558 305 646 Negabat
327 580 429 645 genus
452 558 514 624 hoc
532 562 603 631 orat
604 558 689 623 ionis
712 559 882 661 quicquam
902 559 1032 626 omnino
1057 561 1097 625 ad
1121 561 1166 626 le·

154 647 291 713 vandam
310 645 545 734 aegritudinem
562 647 733 730 pertinere.
768 647 807 712 Id
825 648 910 712 enirn
926 649 1036 732 ipsum
1055 649 1165 715 dolen-

154 737 230 802 dum
254 757 323 801 esse
346 736 475 801 dicebat
479 786 488 820 ,
460 734 628 820 t'quod
618 738 740 800 rutam
758 735 919 801 crudelem
936 737 1199 804 necessitatema

153 824 390 910 incidissemus,
413 846 489 888 narn
507 824 599 889 illam
622 823 752 908 quidem
771 825 950 890 orationem
969 847 1007 890 ex
1026 847 1166 890 comme-

73 951 76 956 ·
154 912 333 979 moratione
372 901 553 979 alienorum
584 912 756 977 malorum
777 912 817 978 ad
846 912 1017 978 malivolos
1050 934 1167 979 conso-

153 1001 269 1066 landos
292 1023 363 1066 essa
387 1001 609 1067 accommodat
595 1005 672 1065 t.am
716 1000 798 1065 Mihi
818 1021 895 1066 vero
917 1001 1015 1086 longe
1037 1000 1125 1067 videt
1110 1004 1168 1067 tur

155 1110 264 1154 secus..
308 1089 394 1154 Nam
426 1093 460 1153 et
490 1090 628 1154 necessit
629 1110 666 1152 as
697 1088 847 1154 ferendas
878 1089 1075 1155 condicionis
1107 1091 1166 1156 hu-

154 1199 268 1242 manae
296 1178 389 1262 quasi
416 1198 488 1242 eum
516 1177 576 1242 deo
603 1197 748 1261 pugnare
770 1176 923 1260 prohibet
950 1177 1166 1264 admonetque
1183 1209 1215 1248 ιο

155 1286 224 1330 esse
252 1265 429 1348 hominem,
460 1286 541 1350 quae
573 1266 728 1350 cogitatio
761 1285 879 1350 magno
911 1287 1008 1350 opere
1040 1266 1166 1332 luctum

154 1353 255 1432 levat,
287 1358 321 1418 et
351 1353 553 1418 enumeratio
586 1353 818 1437 exemplorum,
854 1374 920 1418 non
950 1358 988 1418 ut
1020 1355 1167 1420 animum

154 1441 379 1508 malivolorum
423 1441 581 1526 oblectet,
620 1441 781 1526 adfertur,
823 1441 878 1505 sed
918 1446 956 1506 ut
995 1442 1069 1526 ille,
1110 1445 1167 1528 qui

154 1533 290 1614 maeret,
312 1529 484 1595 ferundum
507 1531 571 1595 sibi
593 1529 625 1594 id
648 1532 791 1612 censeat,
814 1530 899 1614 quod
916 1529 1025 1596 videat
1043 1531 1166 1596 multos

102 1635 134 1686 ol
154 1619 418 1684 moderatteet
360 1619 576 1704 ttranquille
599 1619 722 1683 tulisse.
768 1616 925 1682 Omnibus
949 1619 1036 1684 enim
1059 1620 1213 1690 modis15

153 1707 307 1773 fulciendi
325 1711 407 1771 sunt
401 1708 484 1792 ‚qui
502 1711 600 1771 ruunt
613 1727 671 1771 nec
691 1705 861 1780 cohaerere
878 1710 1016 1808 possunt
1034 1712 1168 1792 propter

154 1795 410 1901 magnitudinem
441 1794 663 1880 aegritudinis.
716 1793 767 1859 Ex
799 1815 862 1878 quo
889 1794 994 1878 ipsam
1023 1797 1167 1880 aegritu·

154 1883 261 1949 dinem
304 1879 413 1966 λύπην
454 1881 657 1967 Chrysippus
699 1882 792 1967 quasi
830 1882 927 1947 solut
903 1887 1025 1948 tronem
1061 1885 1167 1951 totius

153 1971 293 2037 hominis
328 1971 525 2074 appellatam
552 1994 599 2072 pu
600 1974 662 2056 tat3
698 1991 779 2055 quae
815 1974 888 2036 tota
918 1973 1039 2055 poterit
1070 1975 1167 2038 evelli

154 2059 327 2144 explicata,
358 2063 396 2124 ut
422 2057 581 2143 principio
613 2059 693 2141 dixi,
725 2079 822 2124 causa
855 2079 944 2144 aegri
935 2059 1082 2145 tudinis3
1116 2065 1167 2127 est
1182 2091 1213 2132 20

154 2148 240 2212 enim
267 2147 357 2212 nulla
384 2148 448 2212 alia
475 2147 540 2212 nisi
568 2147 677 2230 opinio
706 2150 739 2211 et
761 2145 915 2212 iudicium
937 2149 1048 2233 magni
1072 2170 1166 2234 prae·

155 2236 255 2301 sentis
279 2239 375 2319 atque
398 2236 544 2321 urgentis
568 2235 654 2299 mali.
699 2234 813 2320 Itaque
837 2238 871 2300 et
896 2235 988 2301 dolor
1010 2239 1167 2323 corporis,

154 2323 244 2388 cuius
273 2327 322 2388 est
348 2345 474 2389 morsus
503 2323 690 2407 acerrimus,
720 2323 881 2408 perfertur
909 2346 966 2408 spe
997 2327 1167 2410 proposita

152 2411 244 2496 boni,
259 2413 305 2478 ‘et
332 2416 406 2477 acta
433 2416 522 2477 aetas
549 2411 684 2477 honeste
707 2433 744 2476 ac
768 2412 935 2495 splendide
962 2417 1088 2478 tantam
1110 2413 1166 2478 ad·

152 2499 216 2565 fert
242 2500 511 2584 consolationem,
537 2503 575 2564 ut
597 2521 666 2584 eos,
695 2501 750 2584 qui
773 2500 821 2564 ita
843 2501 998 2583 vixerint,
1020 2506 1076 2566 aut
1098 2525 1166 2567 non
1180 2531 1209 2573 aa

154 2589 295 2674 attingat
318 2588 488 2672 aegritudo
513 2591 569 2653 aut
591 2589 766 2672 perleviter
791 2593 918 2674 pungat
941 2590 1040 2654 animi
1062 2589 1166 2656 dolor.

100 2684 143 2749 26
219 2675 281 2742 Sed
300 2677 341 2740 ad
363 2677 447 2741 hanc
466 2676 651 2760 opinionem
669 2676 779 2761 magni
798 2677 877 2740 mali
896 2698 968 2742 cum
991 2677 1049 2742 illa
1066 2679 1167 2742 etiam

154 2765 263 2849 opinio
284 2764 433 2847 accessit,
452 2768 611 2849 oportere,
628 2768 752 2829 rectum
770 2785 851 2848 esse,
872 2764 913 2829 ad
932 2765 1166 2850 officiumper·

152 2854 255 2917 tinere
282 2852 367 2918 ferre
395 2852 476 2917 illud
503 2872 612 2939 aegre,
635 2852 721 2937 quod
744 2853 909 2937 acciderit,
934 2856 1005 2918 turn
1027 2853 1165 2938 denique

99 2956 133 3005 62
154 2941 292 3007 efficitur
318 2941 376 3005 illa
398 2941 508 3028 gravis
532 2940 745 3027 aegritudinis
772 2942 986 3024 perturbatio·
1029 2940 1081 3006 Ex
1102 2943 1207 3014 hacco

155 3029 305 3114 opinione
324 3033 400 3094 sunt
421 3030 480 3095 illa
497 3029 588 3095 varia
606 3033 641 3094 et
662 3029 868 3094 detestabilia
886 3049 1005 3114 genera
1022 3030 1165 3116 lugendi,

152 3118 322 3202 paedores,
359 3118 533 3183 muliebres
565 3117 778 3182 lacerationes
815 3137 984 3201 genarum,
1015 3117 1166 3203 pectoris,

152 3207 321 3290 feminum,
354 3206 470 3290 capitis
502 3206 740 3290 percussionem
771 3205 848 3270 hinc
877 3205 932 3270 ille
962 3204 1165 3290 Agamemno

152 3293 342 3360 Homericus
366 3297 400 3357 et
422 3295 508 3359 idem
531 3293 691 3358 Accianus

198 3406 382 3475 Scinddns
406 3407 539 3473 dolore
561 3407 772 3474 ide'ntidem
791 3409 986 3474 intonsam
1005 3430 1165 3496 comum,
1179 3438 1204 3480 ιι

151 3531 186 3596 in
224 3554 287 3615 quo
319 3532 460 3597 facetum
491 3530 572 3595 illud
603 3529 729 3616 Bionis„
765 3533 907 3616 perinde
934 3532 1165 3599 stultissimum
