2568 3948
146 197 213 252 LIB.
228 200 275 254 IV.
300 198 376 254 CAP.
391 206 434 256 28.
457 206 599 266 §ca-80.
624 201 691 256 LIB.
707 202 740 256 V.
764 201 1032 260 ARGUMENTUM.
1069 203 1137 269 233

126 359 158 411 et
175 357 338 412 recentioris
356 358 587 414 Academicorum
606 359 782 429 disciplinae,
807 378 870 416 cum
892 363 957 417 Piso
975 363 1006 418 L.
1026 362 1138 420 cicero

127 444 192 481 nem
211 428 248 482 ad
266 430 404 498 veterem,
422 429 452 483 in
471 447 525 498 qua
544 430 629 484 etiam
642 430 826 500 Peripatetici
844 435 949 500 essent,
968 450 1135 502 persequen-

128 498 194 551 dam
212 499 379 554 hortaretur.
410 499 482 553 Tum
500 502 630 570 rogatum
648 517 666 553 a
684 517 713 554 se
732 501 875 566 Pisonem,
894 505 926 556 ut
943 505 1045 558 veteris
1063 507 1136 559 Aca-

128 568 239 623 demiae
272 572 301 623 et
331 569 582 638 Peripateticorum
613 571 780 625 sententiam
812 572 845 626 de
871 573 970 628 finibus
997 574 1135 629 bonorum

128 639 295 708 explicaret,
322 639 404 693 huius
431 641 509 695 modi
530 641 686 696 orationem
709 658 768 696 esse
792 659 919 698 exorsum
942 645 1012 714 (cap.
1034 651 1138 714 1—3):s

126 709 192 764 Peri
211 711 380 764 ateticorum
407 709 477 764 disci
496 710 554 766 lina
584 711 614 765 in
641 713 697 766 tres
725 714 835 794 partes,
866 717 898 768 ut
928 715 987 768 fere
1017 719 1125 770 ceterae

128 728 272 861 divirlitm,
288 780 447 850 physicam,
485 780 655 850 ialecticam,
674 783 803 839 ethicam.
831 783 907 839 Haec
920 785 1005 840 tertia
1020 803 1085 855 pars
1099 759 1135 840 ai

126 851 184 905 illis
198 869 254 906 non
268 851 358 906 solum
372 851 411 906 ad
422 851 549 920 privatae
563 852 638 906 vitae
652 853 804 921 rationem,
823 855 974 910 sedetiam
988 856 1024 910 ad
1042 873 1135 910 rerum

127 921 304 990 publicarum
318 921 471 976 rectionem
485 923 575 977 relata
588 925 631 977 est
645 925 674 977 et
691 924 727 978 ab
741 924 892 979 Aristotele
903 928 932 978 et
941 925 1134 995 Theophrasto

127 991 240 1063 copiose
260 991 400 1061 explicata
418 995 489 1061 (cap.
505 996 540 1060 4).
567 993 605 1047 Hi
621 993 655 1047 de
675 994 729 1048 fine
747 994 882 1049 bonorum
900 995 930 1050 in
947 996 1008 1066 ipsa
1026 1013 1135 1051 summa

128 1065 157 1116 et
186 1077 280 1116 secum
309 1064 338 1116 et
364 1061 438 1116 inter
466 1079 494 1116 se
522 1063 712 1131 consentiunt,
745 1065 793 1118 sed
821 1082 884 1118 cum
911 1067 945 1120 de
968 1067 1051 1122 beata
1075 1066 1137 1122 vita

128 1135 291 1200 quaeratur,
323 1132 353 1186 in
385 1149 419 1188 eo
446 1133 549 1188 variari
579 1133 653 1188 inter
680 1150 727 1188 eos
754 1151 811 1189 non
837 1154 988 1204 numquam
1015 1138 1134 1206 videtur,

126 1203 246 1258 maxime
274 1205 387 1271 propter
414 1203 604 1272 Theophrasti
630 1204 732 1258 librum
756 1205 790 1258 de
813 1205 898 1260 beata
922 1206 995 1274 vita,
1022 1208 1051 1261 in
1080 1225 1138 1276 quo·

126 1273 248 1328 multum
274 1275 402 1328 torturae
431 1274 521 1328 datur.
570 1273 668 1344 Itaque
695 1275 830 1330 tenendus
858 1279 901 1331 est
927 1277 1047 1333 maxime
1074 1277 1134 1346 ipse

126 1344 293 1399 Aristoteles
308 1345 409 1398 eteius
428 1343 479 1398 filii
494 1344 660 1399 Nicomachi
676 1344 743 1399 libri
757 1346 790 1400 de
805 1347 939 1416 moribus,
958 1348 1135 1403 adhibendus

126 1419 223 1470 tamen
241 1413 464 1485 Theophrastum
485 1432 551 1469 nam
569 1415 655 1469 ceteri
673 1413 845 1485 aliquantum
865 1417 1042 1472 deflexerunt.
1080 1420 1136 1474 Ve-

125 1488 219 1540 terum
242 1487 336 1539 autem
359 1483 526 1540 sententiam
549 1484 703 1540 Antiochus
727 1485 939 1555 diligentissime
958 1489 1135 1556 persequitur

126 1559 198 1626 (cap.
228 1558 263 1624 5).
308 1555 350 1610 De
382 1572 490 1609 summo
521 1556 608 1623 bono,
642 1573 696 1623 quo
722 1557 873 1611 constituto
898 1557 928 1611 in
955 1559 1135 1627 philosophia
1232 1571 1234 1578 ·

127 1627 223 1682 omnia
237 1625 391 1680 constituta
404 1627 476 1694 sunt,
495 1625 627 1694 quoniam
640 1642 742 1696 magna
756 1626 890 1681 dissensio
905 1630 954 1694 est,
974 1629 1134 1684 adhibenda

126 1700 170 1753 est
189 1695 289 1752 divisio
306 1695 474 1764 Carneadis,
498 1695 557 1766 qui,
581 1697 651 1764 quot
667 1691 786 1751 fuissent
804 1700 834 1751 et
857 1700 925 1765 quot
943 1715 1003 1752 esse
1022 1699 1139 1754 omnino-

126 1771 241 1840 possent
258 1768 293 1822 de
312 1767 512 1822 summobono
531 1766 699 1836 sententiae,
718 1766 797 1821 vidit
841 1767 873 1821 Id
892 1768 975 1836 enim,
994 1769 1069 1837 quod
1087 1787 1133 1824 ars

126 1838 241 1894 vivendi
263 1837 379 1906 adsequi
401 1837 474 1905 vult,
500 1839 598 1906 aptum
622 1839 651 1891 et
673 1838 915 1892 accommodatum
938 1840 1055 1893 naturae
1073 1856 1133 1893 esse

128 1910 214 1964 dehet
240 1911 269 1963 et
297 1909 365 1976 tale,
398 1911 430 1961 ut
456 1907 548 2031 issum
575 1924 626 1977 per
653 1923 682 1962 se
710 1907 866 1976 appetitum
894 1908 980 1962 animi
1007 1909 1136 1967 adliciat,

128 1979 277 2048 Quaeritur
294 1979 393 2048 igitur,
417 1977 464 2046 qui
501 1978 531 2031 id
555 1977 592 2032 sit
609 1981 681 2048 (cap.
701 1982 735 2046 6).
772 1979 895 2033 Naturae
914 1978 1056 2048 appetitus
1075 1997 1132 2034 arn-

125 2052 259 2123 plectitur
277 2051 327 2104 aut
347 2049 525 2117 voluptatem
542 2052 592 2104 aut
609 2047 779 2104 vacuitatem
798 2049 902 2104 doloris
921 2052 971 2104 aut
982 2066 1034 2130 ga,
1060 2067 1133 2119 quae

126 2124 220 2192 prima
237 2120 388 2176 secundum
405 2120 535 2174 naturam
553 2119 743 2186 nominantur3
763 2121 812 2174 aut
829 2119 916 2190 igitur
932 2139 1018 2175 unum
1038 2137 1072 2174 ex
1089 2122 1138 2176 his

126 2193 217 2248 tribus
235 2191 327 2261 ipsum
346 2208 483 2246 summum
506 2190 611 2246 bonum
628 2189 726 2246 haberi
748 2192 843 2259 potest
860 2193 909 2245 aut
929 2192 1020 2246 facere
1040 2191 1137 2246 omnia

127 2264 208 2318 unius
228 2280 262 2316 ex
278 2261 323 2315 his
340 2261 430 2316 tribus
448 2261 621 2331 adipiscendi
639 2278 735 2329 causa,
754 2263 786 2316 ut
804 2279 852 2316 sex
866 2261 922 2316 sint
939 2261 1080 2332 simplices
1099 2263 1133 2316 de

128 2333 325 2388 summobono
340 2331 495 2387 sententiae
509 2334 580 2401 (cap.
596 2337 631 2402 7).
661 2333 775 2387 Iunctae
790 2335 819 2388 et
833 2333 957 2401 duplices
977 2333 1133 2388 sententiae

128 2409 185 2459 tres
208 2405 333 2470 fuerunt,
357 2421 420 2458 cum
443 2403 480 2456 ad
502 2402 634 2457 virtutem
659 2405 709 2456 aut
726 2404 792 2457 volu
812 2404 856 2458 tas
875 2404 924 2457 aut
941 2404 1066 2458 vacuitas
1086 2403 1134 2458 do·

128 2476 196 2530 loris
214 2476 265 2528 aut
282 2471 374 2543 prima
391 2475 507 2529 naturae
526 2472 749 2543 adiungerentur.
810 2475 875 2541 tque
893 2473 965 2527 haec
983 2476 1136 2543 postrema,

130 2561 201 2614 quae
228 2544 459 2598 Academicorum
491 2545 520 2598 et
550 2542 798 2611 Peripateticorum
833 2545 887 2611 est,
920 2543 1018 2597 ceteris
1049 2543 1134 2597 facile

130 2615 256 2682 semotis,
281 2631 351 2682 quae
373 2617 469 2668 tamen
494 2613 649 2682 disputatio
671 2613 806 2668 hocloco
825 2612 924 2682 exponi
943 2613 1053 2682 nequit,
1074 2615 1135 2669 sola

129 2688 267 2753 remanet,
292 2702 379 2753 eaque
408 2701 462 2753 quo
486 2683 570 2738 modo
599 2683 704 2738 oriatur
729 2686 758 2737 et
785 2684 975 2752 confirmetur,
1003 2684 1134 2754 deinceps

129 2755 324 2826 explicandum
351 2757 395 2810 est
418 2761 490 2824 (cap.
509 2756 545 2823 8).
590 2753 677 2809 Omne
700 2753 805 2809 animal
828 2771 858 2809 se
880 2753 972 2824 ipsum
995 2753 1135 2825 diligitei

128 2827 239 2896 appetit
256 2827 373 2882 naturae
392 2825 610 2881 accommodata.
647 2825 691 2879 Ita
709 2825 772 2879 finis
791 2825 900 2880 exsistit
918 2825 1069 2879 secundum
1086 2841 1135 2878 na-

128 2901 221 2952 turam
238 2897 332 2952 vivere
351 2897 390 2950 sic
410 2896 564 2962 adfectum,
587 2898 619 2950 ut
637 2895 742 2964 optime
762 2895 844 2950 adfici
863 2895 959 2964 possit.
997 2895 1053 2950 Sed
1071 2912 1135 2949 cum

128 2969 186 3024 alia
209 2968 246 3022 sit
272 2966 392 3022 aliorum
417 2965 581 3021 animalium
602 2969 715 3034 natura,
739 2966 847 3020 homini
870 2983 1007 3020 summum
1031 2965 1135 3020 bonum

128 3041 171 3093 est
192 3037 287 3092 vivere
311 3054 345 3091 ex
367 3035 487 3092 hominis
514 3038 615 3090 natura
636 3036 758 3104 undique
785 3038 911 3105 perfecta
938 3039 967 3090 et
993 3035 1065 3089 nihil
1092 3052 1135 3090 re·

129 3108 255 3177 quirente
283 3109 357 3176 (cap.
380 3110 417 3175 9).
460 3105 562 3160 Omnes
585 3108 680 3160 autem
703 3125 732 3162 se
756 3107 886 3176 diligere,
915 3107 1001 3161 etiam
1029 3105 1079 3173 qui
1105 3123 1136 3160 se

129 3179 221 3232 odisse
249 3179 393 3247 putentur,
419 3175 502 3231 facile
529 3176 715 3246 intellegit-um
740 3195 806 3231 nam
830 3178 892 3247 ipsa
918 3175 971 3230 sibi
996 3176 1136 3230 irascendi

128 3265 213 3304 causa
231 3265 264 3302 ex
283 3248 325 3302 sui
343 3247 460 3302 caritate
478 3247 603 3300 nascitur
621 3249 692 3316 (cap.
714 3251 764 3316 10).
807 3247 866 3302 Nec
884 3263 918 3302 ea
936 3244 978 3300 vis
998 3245 1135 3315 diligendi

127 3319 165 3374 ad
187 3319 274 3374 aliam
296 3318 455 3388 quampiam
478 3332 538 3370 rem
561 3317 692 3384 refertur,
716 3319 766 3373 sed
788 3318 825 3372 ad
848 3333 877 3371 se
900 3317 910 3370 i
931 3334 1004 3383 sum;
1029 3318 1134 3383 quauta

127 3391 223 3444 autem
241 3388 290 3457 sit,
309 3405 344 3442 ex
360 3387 459 3444 mortis
477 3388 578 3442 timore
596 3390 714 3457 apparet
733 3391 804 3458 (cap.
823 3392 875 3456 11).
938 3384 1072 3440 ideudum
1091 3389 1135 3440 est

126 3459 226 3530 igitur,
245 3476 316 3527 quae
335 3459 372 3514 sit
390 3457 511 3514 hominis
529 3460 637 3512 natura.
670 3459 712 3512 Ea
731 3459 806 3514 etin
825 3473 939 3527 corpore
958 3456 1065 3525 proprii
1082 3457 1133 3510 ali-

126 3530 195 3600 quid
221 3529 308 3584 habet
334 3531 404 3600 (cap.
431 3531 474 3598 12)
503 3530 532 3582 et
557 3528 587 3582 in
614 3528 706 3584 auimo
730 3529 848 3584 virtutes
871 3527 993 3596 quaerit,
1017 3543 1135 3595 quarum
