2470 3962
334 1323 381 1395 M.
411 1323 572 1397 TULLII
600 1323 846 1399 CICERONIS

118 1504 548 1593 ACADEIMICORUM
578 1504 650 1589 AD
683 1507 735 1591 M.
769 1505 1060 1592 VARRONEM

443 1695 564 1756 trusa
586 1695 745 1756 Parnes.

539 1853 645 1860 ...-

426 1977 762 2040 ARGUMENTUM.
864 1983 866 1990 ’

157 2095 228 2150 Cum
246 2093 283 2149 M.
299 2091 396 2147 Cicero
414 2109 465 2164 per
483 2093 704 2149 dominationem
723 2093 751 2150 C.
770 2093 895 2148 Caesaris
914 2111 977 2148 cum
995 2093 1096 2162 iniqui-

83 2167 145 2221 tate
163 2169 333 2234 temporum,
362 2165 423 2216 tum
444 2165 567 2233 partium
590 2165 684 2222 studio
703 2182 720 2220 a
738 2181 768 2218 re
793 2165 907 2233 publica
924 2164 1048 2234 gerenda
1067 2181 1097 2218 se

84 2237 198 2290 videret
221 2235 376 2300 exclusum,
400 2251 435 2287 ne
459 2235 571 2289 omuino
594 2236 706 2290 deesset
728 2234 769 2289 rei
791 2234 934 2304 publicae,
961 2235 990 2288 in
1017 2235 1097 2289 libris

85 2305 243 2362 scribendis
271 2320 385 2374 operam
412 2305 507 2373 posuit
531 2322 565 2360 ac
589 2307 740 2377 praecepta
768 2305 881 2360 dicendi
908 2306 1096 2375 compluribus

85 2375 279 2432 voluminibus
302 2374 440 2444 condidit,
464 2376 529 2430 dein
550 2376 670 2430 maxime
693 2378 783 2429 morte
803 2375 912 2430 Tulliae
936 2391 1002 2430 suae
1021 2393 1096 2430 ccm-

84 2449 181 2502 motus
200 2463 261 2501 sese
276 2445 362 2500 etiam
381 2446 418 2499 ad
435 2447 632 2515 philosophiae
649 2446 814 2515 scriptiones
829 2446 968 2500 convertIt
982 2449 1011 2500 et
1025 2447 1097 2516 opti·

85 2533 198 2572 marum
212 2516 316 2572 artium
329 2516 390 2570 vias
409 2517 515 2571 ciuibus
529 2517 586 2570 suis
599 2517 711 2572 tradere
726 2516 841 2570 studuit.
873 2515 933 2582 Quo
951 2515 981 2570 in
995 2533 1097 2585 genere

85 2589 211 2658 primum
229 2604 263 2642 eo
281 2587 367 2654 libre,
391 2603 474 2656 quem
492 2587 669 2642 Hortensium
689 2586 882 2655 inscripserat,
900 2585 1097 2656 philosophiae

85 2657 327 2727 vituperatoribus
350 2658 496 2727 respondit
524 2657 706 2727 popularibus
736 2657 792 2712 suis
821 2656 981 2712 uuiversum
1005 2659 1097 2727 philo-

85 2729 206 2799 sophiae
226 2728 349 2783 studium
368 2729 574 2796 commendans,
592 2731 661 2797 tum,
681 2728 755 2796 quod
773 2727 994 2798 philosophandi
1010 2747 1097 2799 genus

85 2800 229 2882 optimum
251 2816 311 2854 esse
334 2799 594 2882 arbitraretur,·ita
612 2801 728 2854 conatus
752 2802 795 2853 est
817 2800 970 2882 explicare,
993 2805 1025 2856 ut
1043 2802 1099 2856 hoc

85 2872 513 2996 attribueritis&
526 2869 1098 3020 sttuisalutauerat:

85 3013 170 3068 tioris
197 3011 375 3080 potissimum
394 3011 567 3066 Academiae
587 3009 796 3080 philosophram
819 3016 978 3080 exponeret.
1018 3013 1099 3068 Hanc

87 3081 285 3152 quaestionem
303 3081 501 3136 Academicum
519 3099 580 3136 cum
599 3081 690 3150 primo
709 3081 817 3135 duobus
840 3081 919 3136 libris
938 3085 1099 3153 complexus

86 3155 178 3222 esset,
197 3169 268 3221 quos
286 3168 303 3206 a
319 3153 456 3223 personis,
475 3169 543 3220 quas
562 3152 709 3219 loquentes
726 3151 756 3204 iu
774 3151 808 3205 iis
826 3151 981 3220 induxerat,
1002 3154 1098 3222 appel·

86 3223 171 3288 lavIt,
188 3223 312 3292 priorem
326 3222 462 3290 Catulum,
481 3223 600 3276 altemm
615 3221 771 3287 Lucullum,
789 3239 845 3290 qua
863 3223 898 3276 de
916 3239 946 3276 re
966 3225 995 3277 et
1011 3223 1099 3292 ipsius

87 3294 262 3349 conferenda
280 3295 323 3347 est
341 3294 516 3362 epistolarum
535 3295 571 3348 ad
589 3293 712 3348 Atticum
728 3292 778 3346 lib.
797 3293 862 3347 XIII
881 3310 923 3362 ep.
943 3299 977 3346 32
996 3299 1011 3358 5
1030 3300 1045 3347 2
1065 3295 1098 3347 cl.

87 3365 218 3418 eiusdem
235 3363 302 3417 libri
321 3380 363 3433 ep.
378 3370 411 3418 12
431 3369 446 3429 ς
465 3369 494 3431 3,
514 3379 556 3432 ep.
582 3370 614 3417 16
633 3369 688 3429 ξι,
708 3379 749 3432 ep.
767 3369 799 3416 19
817 3369 832 3428 ὅ
847 3369 876 3431 5,
896 3379 938 3431 ep.
954 3369 988 3416 32
1007 3369 1051 3427 §3
1072 3366 1102 3417 et

88 3433 261 3501 Quintiliani
281 3435 400 3488 iustitut.
424 3439 493 3488 erut.
511 3434 560 3489 lib.
579 3434 617 3486 ΙΙΙ
636 3449 696 3502 cap.
712 3439 728 3487 6
747 3437 762 3498 ξ
781 3438 815 3486 64
834 3434 863 3485 et
880 3432 1025 3486 Plutarchi
1043 3434 1102 3486 situ

87 3505 205 3561 hausu
219 3521 279 3573 cap.
294 3510 341 3572 42,
360 3505 460 3574 postea
473 3503 531 3558 iam
545 3503 629 3556 editis
642 3503 686 3556 his
703 3501 790 3569 libris,
810 3518 873 3555 cum
887 3504 916 3555 et
930 3503 967 3555 ad
981 3503 1017 3556 M.
1032 3503 1100 3555 Var-

87 3592 189 3630 ronem
204 3573 312 3642 aliquid
326 3573 501 3628 conscribere
514 3574 602 3628 vellet
616 3574 645 3626 et
662 3572 733 3626 illud
745 3571 837 3640 ipsum
852 3587 921 3640 opus
935 3571 1026 3625 minus
1044 3572 1107 3624 iarn

145 3671 201 3714 cre.
214 3673 255 3714 Ν.
279 3674 297 3712 1.
872 3663 886 3711 1
