2564 3950
406 206 472 261 LIB.
492 207 526 262 V.
554 205 630 259 CAP.
652 212 680 274 1,
700 213 724 262 2.
758 212 772 271 ξ
792 213 879 260 2-6.
1082 209 1145 272 237

140 388 321 453 cognomen
344 367 490 431 videatur
513 367 689 432 habiturus.
735 368 807 452 Ego
830 373 938 434 autem
965 370 1038 454 tibi,
1062 370 1147 455 Piso,

141 456 302 521 assentior
342 477 402 519 usu
438 455 500 520 boc
535 457 655 538 venire,
696 460 732 520 ut
768 457 873 520 acrius
911 457 1078 540 aliquanto
1115 464 1148 523 et

141 545 298 609 attentius
321 543 359 607 de
383 543 478 607 claris
500 543 578 608 viris
601 544 745 609 locorum
768 544 935 609 admonitu
959 545 1148 630 cogitemus,

142 631 211 696 Scis
241 632 326 696 enim
353 653 404 695 me
432 630 570 714 quodam
599 635 744 714 tempore
771 631 997 716 Metapontum
1021 635 1146 698 venisse

111 725 248 786 stecum
270 741 374 804 neque
398 718 437 783 ad
460 719 620 802 hospitem
651 723 725 783 ante
748 720 937 805 devertisse,
964 743 1061 805 quam
1083 721 1146 804 Py-

140 808 299 891 thagorae
335 808 442 891 ipsum
478 806 572 871 illum
607 808 729 891 locum,
765 807 821 872 ubi
857 809 956 872 vitam
994 809 1147 892 ediderat,

141 896 312 980 sedemque
339 895 482 959 viderim.
531 893 604 960 Hoc
631 898 739 959 autem
765 900 924 980 tempore,
952 898 1013 960 etsi
1044 897 1146 961 multa

140 986 176 1048 in
199 984 287 1048 omni
310 986 402 1066 parte
425 981 627 1047 Athenarum
651 987 729 1046 sunt
756 984 790 1048 in
817 984 897 1067 ipsis
925 984 1005 1049 locis
1027 985 1147 1050 indicia

141 1093 340 1136 summorum
363 1071 519 1154 virorum,
541 1073 651 1134 tamen
675 1091 734 1154 ego
760 1071 818 1135 illa
842 1093 973 1137 moveor
996 1072 1146 1154 exhedra3

99 1187 125 1225 ro
141 1159 237 1224 modo
266 1160 351 1223 enim
377 1157 440 1222 fuit
467 1156 654 1241 Cameadis3
682 1179 776 1242 quern
804 1159 912 1227 videre
939 1160 1052 1226 videor
1083 1157 1147 1245 (est

141 1249 226 1312 enim
244 1250 323 1311 nota
339 1243 474 1331 imago),
493 1267 513 1310 a
531 1247 667 1330 sedeque
685 1247 757 1330 ipsa
774 1250 867 1312 tanta
881 1248 1002 1331 ingenii
1021 1249 1144 1332 magni-

140 1336 250 1400 tudine
283 1335 397 1399 orbata
429 1333 603 1398 desiderari
640 1335 731 1398 illam
766 1356 878 1400 voeem
914 1340 1003 1419 puto.
1061 1336 1180 1404 Tamo

103 1431 106 1434 ’
139 1424 228 1488 Piso:
264 1421 424 1497 Quoniam
460 1422 561 1512 igitur
600 1422 720 1507 aliquid
758 1444 882 1504 omnes,
918 1423 994 1506 quid
1030 1424 1147 1488 Lucius

139 1511 272 1576 noster?
300 1510 417 1594 inquit,
450 1532 491 1573 an
523 1531 596 1574 eum
627 1511 734 1576 locum
766 1509 904 1574 libenter
936 1510 1059 1593 invisit,
1091 1512 1148 1576 ubi

39 1637 41 1640 ·
98 1625 125 1663 15
141 1599 375 1664 Demosthenes
408 1602 440 1661 et
471 1597 647 1662 Aeschines
679 1598 765 1661 inter
797 1619 830 1661 se
863 1597 1027 1662 decertare
1057 1599 1147 1662 soliti

141 1687 238 1752 sunt?
275 1685 339 1750 Suo
358 1687 442 1750 enim
461 1707 544 1749 unus
563 1686 699 1769 quisque
722 1683 828 1749 studio
850 1686 988 1748 maxime
1012 1685 1146 1750 ducitur.

139 1775 184 1840 nt
201 1775 272 1852 ille,
290 1795 363 1837 curn
381 1774 576 1838 erubuisset:
603 1772 694 1850 Noli,
717 1772 833 1855 inquit,
856 1793 894 1836 ex
912 1794 963 1836 me
984 1794 1144 1856 quaerere,

140 1863 252 1947 quiin
275 1861 478 1926 Phalericum
497 1861 594 1925 etiem
617 1859 846 1941 descenderim,
871 1881 934 1943 quo
959 1861 994 1924 in
1012 1860 1083 1924 loco
1107 1861 1147 1925 ad

140 1953 273 2015 fluctum
306 1951 395 2014 aiunt
427 1949 605 2013 declamare
640 1948 771 2012 solitum
809 1946 1075 2030 Demosthenem,
1111 1953 1148 2013 ut

96 2067 125 2104 20
140 2039 307 2103 fremitum
352 2041 551 2103 assuesceret
590 2058 668 2102 voce
710 2036 845 2100 vincere.
909 2035 1007 2101 Modo
1048 2037 1147 2100 etiam

140 2128 272 2211 paulum
303 2125 343 2193 ad
372 2125 537 2189 dexteram
565 2125 603 2188 de
630 2126 683 2189 via
711 2123 881 2209 declinavi,
907 2129 944 2188 ut
966 2125 1006 2188 ad
1029 2123 1146 2189 Pericli

141 2215 323 2299 sepulerum
338 2213 529 2297 accederem.
564 2212 765 2296 Quamquam
784 2213 817 2276 id
836 2213 965 2297 quidem
982 2213 1146 2277 infinitum

140 2309 191 2367 est
214 2303 248 2365 in
271 2301 333 2366 hac
354 2301 448 2384 urbe3
471 2323 671 2384 quacumque
690 2301 776 2368 enim
796 2301 1009 2384 ingredimur,
1030 2301 1065 2365 in
1088 2301 1146 2364 ali-

5 2435 7 2484 ,
142 2412 205 2474 qua
230 2389 367 2453 historia
394 2388 565 2473 vestigium
592 2388 751 2471 ponimus.
801 2388 883 2452 Tum
910 2387 1000 2452 Piso:
1037 2387 1182 2470 Atqui,c

5 2525 7 2540 2
98 2503 126 2542 ss
141 2477 267 2562 Cicero,
295 2477 411 2560 inquit,
437 2477 502 2540 ista
529 2476 648 2558 studia,
676 2477 704 2539 si
727 2475 767 2539 ad
794 2475 971 2539 imitandos
1003 2497 1146 2539 summos

5 2575 6 2578 ’
141 2567 226 2630 viros
250 2568 409 2648 spectant,
437 2563 678 2649 ingeniosorum
701 2565 790 2645 sunt3
818 2562 869 2626 sin
895 2564 1024 2626 tantum
1051 2563 1146 2627 modo

141 2654 182 2720 ed
203 2653 323 2718 indicia
345 2653 464 2717 veteris
483 2652 655 2716 memoriae
678 2650 913 2734 cognoscenda,
937 2650 1146 2715 curiosorum.

141 2741 186 2805 Te
219 2743 326 2805 autem
357 2740 525 2805 hortamur
557 2761 681 2822 omnes,
720 2742 900 2803 currentem
932 2739 1074 2822 quidem,
1111 2743 1148 2802 ut

141 2851 249 2913 spero,
277 2831 313 2891 nt
340 2850 409 2911 eoa,
437 2850 516 2912 quos
543 2829 671 2892 novisse
700 2826 764 2910 vis,
791 2827 913 2891 imitari
936 2827 1034 2890 etiam
1058 2827 1146 2891 velis.

100 2917 202 2980 aoHic
236 2937 307 3000 ego:
341 2914 415 2980 Etsi
446 2916 525 2979 facit
556 2915 609 2980 hic
641 2914 784 2998 quidem,
815 2915 960 2998 inquam,
987 2913 1078 2996 Piso,
1110 2916 1146 2977 ut

141 3004 243 3087 videa,
266 3025 317 3087 ea,
340 3025 421 3086 quae
444 3003 617 3086 praecipis,
644 3006 754 3066 tamen
776 3001 857 3066 mihi
885 3007 980 3086 grata
1002 3001 1145 3066 hortatio

140 3096 197 3157 tua
221 3095 278 3156 est.
323 3090 405 3155 Tum
428 3091 484 3153 ille
508 3091 714 3172 amicissime,
736 3093 773 3153 ut
796 3090 934 3154 solebat:
965 3087 1034 3152 Nos
1058 3111 1146 3172 vero,

140 3180 259 3265 inquit,
296 3200 406 3243 omnes
444 3178 552 3243 omnia
589 3178 628 3241 ad
659 3178 755 3241 huius
788 3177 1039 3242 adulescentiam
1072 3196 1145 3238 con·

139 3267 294 3348 feramen,
318 3267 354 3329 in
383 3265 557 3349 primisque
589 3269 625 3328 ut
652 3264 775 3348 aliquid
804 3287 935 3329 suorum
967 3263 1146 3328 studiorum

101 3379 126 3420 35
140 3352 364 3438 philosophiae
403 3375 530 3437 quoque
566 3353 744 3436 impertiat,
776 3353 826 3415 vel
858 3356 895 3415 ut
925 3356 957 3415 te
995 3351 1146 3431 imitetur,

141 3464 236 3526 quem
264 3444 365 3522 amat,
393 3441 443 3504 vel
471 3444 508 3504 ut
535 3440 616 3504 illud
643 3441 763 3523 ipsum,
791 3438 875 3522 quod
899 3437 1019 3520 studet,
1041 3437 1147 3502 facere

140 3530 245 3614 possit
268 3528 422 3593 ornatius.
460 3525 521 3591 Sed
540 3531 648 3591 utrum
667 3525 846 3590 hortandus
870 3547 904 3590 es
926 3525 1035 3606 nobis,
1058 3524 1147 3607 Luci,
