2544 3952
128 168 194 236 408
327 167 625 226 TUSCULANARUM
641 166 943 224 DISPUTATIONUM

130 332 311 396 obtrectare
342 352 409 395 non
441 352 510 396 esse
542 330 671 413 inutile,
704 351 776 396 cum
806 334 863 395 aut
894 351 928 396 se
957 350 1024 395 non
1053 330 1149 396 idem
1259 345 1261 374 ²

129 419 239 484 videat
257 421 477 500 consecutum,
500 419 585 503 quod
604 418 717 501 alium,
741 421 798 483 aut
815 418 915 483 alium
935 417 1029 497 idem,
1054 418 1148 502 quod

131 529 178 590 se3
201 510 325 572 metum
347 528 424 572 vero
448 507 477 572 si
500 506 554 590 qui
577 506 777 590 sustulisset,
806 527 933 573 omnem
956 506 1043 572 vitae
1067 506 1146 571 dili·
1270 543 1271 548 κ

129 596 272 680 gentiam
296 595 461 660 sublatam
482 593 566 678 fore,
589 616 671 678 quae
690 615 815 660 summa
835 597 921 658 esset
942 594 977 659 in
1000 594 1061 678 eis,
1084 595 1145 678 qui

128 685 230 769 leges,
254 683 309 766 qui
331 683 554 768 magistratus,
584 681 640 766 qui
662 685 900 767 paupertatem,
924 683 979 766 qui
999 682 1180 768 ignomis

128 774 229 853 niam,
248 772 303 856 qui
321 775 467 854 mortem,
486 770 542 855 qui
560 769 706 835 dolorem
723 770 884 835 timerent.
922 769 1012 835 Haec
1030 774 1142 836 tamen
1266 783 1271 868 p

129 861 177 924 ita
199 859 381 943 disputant,
398 862 436 924 ut
453 858 626 924 resecanda
645 879 716 923 esse
737 857 918 942 fateantur,
936 858 1033 923 evelli
1050 859 1142 942 peni·
1270 903 1271 924 t

129 953 181 1013 tus
209 947 319 1013 dicant
345 969 406 1013 nec
432 967 527 1031 posse
554 968 614 1026 nec
641 967 722 1030 opus
752 967 839 1029 esse,
867 947 960 1011 etin
988 947 1141 1011 omnihus
1270 991 1271 1040 ἶ

128 1035 196 1100 fere
227 1036 322 1101 rebus
350 1035 605 1101 mediocritatem
640 1054 711 1099 esse
745 1039 912 1118 optumam
945 1035 1142 1100 existiment.
1270 1049 1271 1086 l

130 1123 218 1199 Quae
246 1144 319 1190 cum
342 1125 521 1207 exponunt,
548 1121 672 1186 nihilne
698 1122 761 1186 tibi
782 1122 931 1188 videntur
953 1145 996 1188 an
1018 1121 1143 1206 aliquid
1156 1149 1192 1190 ιο

128 1211 255 1276 dicere?

152 1413 173 1476 d
195 1325 236 1389 A.
262 1323 345 1388 Mihi
366 1344 442 1390 vero
467 1324 571 1390 dicere
595 1324 729 1410 aliquid,
751 1325 860 1409 itaque
889 1328 1035 1409 expecto,
1064 1325 1143 1410 quid

132 1435 151 1478 a
194 1413 268 1477 ista.
1270 1431 1271 1456 ³

76 1478 118 1605 {l
196 1523 241 1581 M.
271 1516 446 1603 Reperiam
477 1518 630 1602 fortasse,
662 1518 718 1583 sed
749 1517 831 1582 illud
864 1522 952 1584 ante:
988 1517 1143 1603 Videsne,

130 1611 252 1692 quanta
269 1604 367 1670 fuerit
383 1606 468 1690 apud
482 1605 694 1670 Academicos
710 1606 923 1671 verecundia?
941 1607 1038 1691 plane
1052 1607 1142 1672 enim
1157 1634 1186 1676 15
1263 1643 1271 1676 a

129 1695 254 1778 dicunt,
276 1693 360 1778 quod
383 1695 424 1758 ad
446 1716 515 1758 rem
537 1695 709 1776 pertineat.
759 1693 985 1778 Peripateticis
1009 1715 1143 1779 respon·
1269 1701 1271 1710 ⁴

130 1782 222 1847 detur
249 1804 269 1847 a
296 1779 422 1847 Stoicis.
471 1781 700 1867 Digladientur
726 1781 775 1846 illi
802 1803 860 1867 per
888 1804 939 1846 me
966 1781 1056 1865 licet,
1086 1783 1142 1848 cui

7 1883 10 1889 '
128 1869 212 1935 nihil
235 1872 284 1934 est
305 1891 435 1935 necesse
457 1871 535 1954 nisi,
559 1870 615 1933 ubi
637 1870 681 1934 sit
702 1868 798 1954 illud,
821 1870 906 1955 quod
923 1871 993 1934 veri
1012 1869 1141 1935 similli-

129 1980 217 2023 mum
244 1957 405 2041 videatur,
432 1959 610 2043 anquirere.
662 1957 745 2034 Quid
769 1962 819 2022 est
840 1958 952 2044 igitur,
980 1959 1064 2043 quod
1087 1980 1140 2024 oc·

130 2050 239 2111 currat
260 2045 296 2110 in
317 2045 379 2111 hac
401 2047 604 2130 quaestione,
628 2068 644 2110 e
669 2067 731 2131 quo
754 2047 859 2129 possit
882 2047 1000 2132 attingi
1018 2047 1140 2131 aliquid
1156 2075 1185 2116 ao
1270 2063 1271 2102 ἐ

128 2135 198 2198 veri
221 2133 350 2197 simile?
378 2155 441 2218 quo
469 2133 599 2216 longius
622 2155 713 2198 mens
736 2135 877 2199 humana
900 2135 1051 2220 progredi
1072 2156 1141 2200 non
1266 2135 1268 2140 ’

128 2224 246 2305 potest.
295 2219 450 2286 Definitio
477 2222 745 2304 perturbationis,
774 2244 838 2306 qna
865 2227 951 2287 reete
978 2223 1140 2288 Zenonem

131 2332 222 2374 usum
254 2313 343 2392 puto.
397 2308 449 2374 lta
481 2311 567 2374 enim
599 2311 722 2387 definit,
755 2313 791 2374 ut
817 2310 1064 2393 perturbatio
1096 2312 1141 2376 sit

130 2419 268 2462 aversa
295 2419 315 2462 a
340 2399 492 2462 ratione
524 2403 659 2463 contra
687 2402 863 2462 naturam
894 2398 1011 2462 animi
1041 2420 1140 2464 com·

130 2486 264 2569 motio,
294 2486 347 2550 vel
378 2485 523 2570 brevius,
555 2488 592 2550 ut
622 2485 824 2570 perturbatio
862 2485 905 2550 sit
937 2485 1184 2569 adpetitnsaa

128 2573 408 2658 vehementior,
430 2573 649 2638 vehementior
672 2578 780 2638 autem
799 2573 1008 2658 intellegatur
1025 2573 1063 2653 is,
1085 2574 1140 2658 qui

75 2681 110 2730 48
129 2662 241 2745 procul
269 2662 356 2727 absit
383 2684 402 2725 a
429 2666 564 2727 naturae
592 2663 784 2728 constantia.
831 2660 914 2737 Quid
942 2661 982 2726 ad
1003 2661 1064 2726 has
1087 2661 1140 2725 de·

129 2749 293 2813 finitiones
320 2750 447 2834 possint
474 2749 601 2815 dicere?
653 2746 762 2836 Atque
784 2749 865 2814 haec
887 2750 1142 2834 pleraquesunt

129 2837 303 2921 prudenter
326 2839 481 2920 acuteque
504 2837 744 2922 disserentium,
771 2838 831 2903 illa
856 2839 985 2922 quidem
1008 2860 1046 2903 ex
1068 2837 1141 2902 rhe-

99 2941 113 2957 “
129 2931 239 2990 torum
261 2946 394 3008 pompa:
427 2924 601 2990 ‘ardores
625 2927 838 2993 animorum
861 2930 1044 3011 cotesque
1065 2926 1184 2992 vir-so

128 3012 275 3078 tutum?
320 3013 374 3078 An
403 3034 480 3077 vero
509 3013 558 3077 vir
584 3013 693 3096 fortis,
719 3015 784 3079 nisi
808 3015 1004 3080 stomachari
1027 3015 1142 3099 coepit,

129 3122 194 3166 non
212 3105 321 3185 potest
334 3101 428 3166 fortis
443 3100 535 3164 esse?
567 3099 803 3168 Gladiatorium
820 3103 854 3167 id
869 3103 1012 3187 quidem3
1031 3125 1141 3188 quam·

129 3210 226 3272 quam
249 3189 285 3253 in
307 3189 352 3254 eis
374 3189 455 3273 ipsis
479 3188 623 3254 videmus
647 3211 744 3274 saepe
769 3192 997 3257 constantiam:

173 3301 482 3388 Cdnloquuntur,
509 3304 828 3391 cdngrediuntur,
856 3307 1048 3390 quae'rnnt
1071 3303 1142 3369 ali·

702 3394 808 3478 quid,
836 3394 1053 3478 pdstulant,

127 3499 164 3560 ut
191 3496 296 3594 magis
324 3496 446 3581 placati
473 3519 570 3582 quam
596 3497 673 3564 irati
701 3519 771 3564 esse
796 3498 974 3563 videantur.
1020 3495 1082 3562 Sed
1107 3497 1181 3565 ines

1264 3589 1269 3727 l

1259 3783 1267 3894 l
