2574 3956
170 222 234 286 160
332 222 380 276 DE
399 221 543 277 FINIBUS
562 221 742 278 BONORUM
760 223 808 276 ΕΤ
827 221 1008 278 MALORUM

112 406 145 452 av
166 389 360 469 suscepta,
377 385 438 449 fao
455 388 498 448 ut
515 383 727 449 Metrodori
745 388 877 448 tueare
896 384 1066 449 liberos?
1101 383 1176 449 Non

165 495 226 558 ego
253 473 318 538 iam
345 472 603 556 Epaminondae,
630 495 696 538 non
721 469 884 538 Leonidae
911 476 1050 537 mortem
1079 473 1175 537 huius

165 562 265 626 morti
289 565 463 644 antepono,
490 582 627 644 quorum
656 561 737 626 alter
762 582 836 625 cum
862 560 994 624 vicisset
1021 559 1176 624 Lacedae·

166 650 292 715 monios
325 649 411 732 apud
441 647 642 712 Mantineam
679 652 775 732 atque
811 650 880 731 ipse
917 651 1009 733 gravi
1044 649 1175 713 vulnere

165 737 343 802 exanimari
369 758 403 801 se
429 736 564 819 videret,
591 740 628 800 ut
655 738 795 820 primum
822 737 976 821 dispexit,
1006 733 1202 821 quaesivita

166 826 316 890 salvusne
343 828 429 889 esset
455 825 586 908 alipene.
632 822 712 890 Cum
740 825 865 890 salvum
888 846 957 890 esse
985 825 1100 890 fientes
1123 827 1174 889 sui
1278 871 1280 916 Ι

165 913 420 997 respondissent,
442 912 583 996 rogavit,
607 916 754 976 essentne
780 913 847 977 fusi
874 913 995 978 hostes
1040 911 1119 978 Cum
1143 914 1175 978 id

166 1023 305 1096 quoque,
327 1003 365 1064 ut
382 1001 545 1083 cupiebat,
564 1000 753 1084 audivisset,
776 1001 871 1065 evelli
889 1001 985 1065 iussit
1004 1021 1088 1084 eam,
1111 1024 1176 1085 qua

166 1094 236 1154 erat
258 1090 445 1171 transfixus,
471 1088 607 1153 hastam.
656 1087 709 1152 Ita
735 1090 838 1152 multo
862 1089 1019 1174 sanguine
1041 1089 1175 1173 profuso
1228 1094 1232 1106 “

166 1179 201 1242 in
227 1177 355 1241 laetitia
382 1181 416 1240 et
437 1177 575 1241 victoria
598 1181 648 1240 est
674 1180 830 1242 mortuus.
874 1175 1034 1242 Leonidas
1058 1180 1218 1261 autem,1o

165 1287 221 1329 rex
240 1263 579 1346 Lacedaemoniorum,
602 1265 688 1330 sein
706 1264 932 1348 Thermopylis
951 1269 1176 1350 trecentosque

167 1375 235 1433 eos,
263 1374 342 1436 quos
371 1353 524 1417 eduxerat
551 1350 681 1435 Sparta,
709 1374 782 1417 cum
810 1357 895 1416 esset
922 1354 1091 1437 proposita
1119 1358 1178 1417 aut

165 1442 245 1526 fuga
279 1441 384 1522 turpis
421 1445 478 1505 aut
513 1439 657 1526 gloriosa
693 1463 794 1524 mors,
831 1441 984 1524 opposuit
1018 1441 1177 1506 hostibus.

166 1528 355 1593 Praeclarae
373 1533 494 1593 mortes
510 1533 586 1593 sunt
603 1526 845 1612 imperatoriam
863 1527 1052 1612 philosophi
1067 1533 1177 1594 autem

166 1619 201 1682 in
225 1617 292 1681 suis
314 1617 440 1681 lectulis
468 1617 655 1701 plerumque
683 1617 874 1682 moriuntur.
924 1615 1036 1682 Refert
1059 1621 1178 1700 tamen,
1193 1645 1218 1682 15

168 1705 355 1790 quomodo.
397 1705 515 1770 Beatus
538 1705 601 1770 sibi
621 1705 747 1769 videtur
770 1727 840 1770 esse
863 1705 1013 1770 moriens.
1056 1704 1179 1790 Magna
1279 1785 1280 1788 Ἴ

166 1794 245 1858 laus.
281 1791 651 1877 ‘Compensabatur'‚
676 1792 797 1878 inquit,
815 1793 916 1857 icum
936 1794 1091 1858 summis
1110 1794 1178 1858 do·
1279 1791 1280 1834 ἕ

114 1900 147 1948 98
167 1882 316 1947 loribus
340 1879 518 1946 laetitia?
554 1880 660 1945 Audio
680 1881 826 1965 equidem
846 1881 1032 1965 philosophi
1055 1903 1178 1968 vocem,

166 1971 314 2052 Epicure.
373 1967 435 2033 Sed
471 1968 548 2053 quid
584 1968 646 2033 tibi
682 1969 850 2034 dicendum
888 1971 944 2053 sit,
981 1969 1100 2034 oblitus
1133 1991 1177 2035 es.
1278 2001 1279 2018 a

166 2057 312 2122 Primum
335 2057 436 2134 euim,
460 2055 488 2120 si
514 2077 590 2120 vera
614 2061 689 2121 sunt
712 2061 762 2141 ea,
790 2079 927 2142 quorum
955 2057 1220 2124 recordationem
1277 2117 1279 2130 Α

165 2150 199 2209 te
223 2143 362 2230 gaudere
385 2143 478 2226 dicis,
501 2144 563 2209 hoo
587 2147 650 2228 est,
674 2145 701 2208 si
724 2163 801 2208 vera
824 2149 900 2210 sunt
922 2149 979 2210 tua
1001 2145 1121 2229 scripta
1144 2150 1177 2211 et

167 2234 312 2315 inventa,
339 2230 477 2317 gaudere
504 2253 571 2296 non
597 2235 700 2316 potes.
750 2231 842 2298 Nihil
866 2234 952 2297 enim
975 2235 1040 2298 iam
1064 2234 1178 2316 habes,

167 2320 252 2406 quod
271 2319 310 2384 ad
328 2341 444 2403 corpus
462 2319 596 2406 referas,
619 2323 669 2384 est
687 2324 795 2385 autem
814 2343 833 2385 a
855 2325 887 2385 te
910 2342 1034 2405 semper
1053 2323 1178 2388 dictum
1275 2372 1276 2378 κ

166 2430 224 2473 nec
243 2409 382 2493 gaudere
400 2429 591 2494 quemquam
609 2409 673 2474 nisi
690 2415 823 2493 propter
842 2411 956 2493 corpus
974 2431 1033 2475 neo
1059 2410 1178 2476 dolere.
1277 2449 1278 2490 v

168 2494 390 2574 ‘Praeteritis’,
411 2497 531 2581 inquit,
554 2496 711 2581 ‘gaudeo’
749 2496 950 2573 Quibusnam
968 2498 1178 2581 praeteritis?
1194 2525 1222 2565 25

168 2585 194 2649 si
214 2585 254 2649 ad
273 2607 389 2668 corpus
407 2585 653 2669 pertinentibus,
675 2585 817 2650 rationes
836 2589 910 2650 tuas
929 2589 961 2650 te
980 2585 1071 2650 video
1091 2607 1178 2652 com·
1277 2585 1278 2617 ¹

166 2694 303 2756 pensare
331 2693 403 2737 cum
429 2673 503 2737 istis
529 2673 709 2756 doloribus,
737 2694 805 2737 non
827 2675 1016 2738 memoriam
1041 2696 1177 2759 corpore

166 2764 392 2844 perceptarum
406 2760 622 2843 voluptatum3
641 2761 814 2826 sinautem
831 2761 872 2825 ad
886 2763 1037 2846 animum,
1056 2763 1177 2828 falsum

167 2850 228 2931 est,
261 2846 345 2932 quod
376 2867 476 2932 negas
509 2848 609 2912 animi
641 2849 742 2912 ullum
775 2871 844 2913 esse
884 2850 1052 2934 gaudium,
1089 2852 1177 2935 quod
1276 2887 1277 2949 ἦ

165 2957 231 3001 uon
248 2934 405 2999 referatur
424 2935 464 2999 ad
482 2933 606 3019 eorpus.
644 2934 708 3014 Cur
727 2936 840 3000 deinde
859 2936 1034 3019 Metrodori
1053 2939 1176 3004 liberos
1192 2965 1222 3005 ao

167 3023 394 3090 commendas?
418 3023 493 3106 quid
515 3044 552 3088 ec
573 3025 636 3089 isto
661 3026 791 3110 egregio
815 3031 872 3090 tuo
896 3025 1003 3091 officio
1027 3030 1060 3091 et
1081 3031 1177 3092 tanta

166 3113 227 3178 fide
251 3109 312 3197 (sie
336 3111 421 3175 enim
444 3111 607 3197 existimo)
631 3112 671 3176 ad
695 3133 809 3196 corpus
833 3111 957 3178 refers?
1275 3139 1276 3156 r

131 3254 146 3302 9
231 3199 304 3263 Huc
323 3202 356 3264 et
378 3197 468 3282 illuc,
491 3198 667 3284 Torquate,
689 3221 746 3264 vos
766 3202 901 3266 versetis
925 3201 1014 3286 lieet,
1036 3203 1118 3268 nihil
1140 3205 1177 3270 in

166 3288 227 3353 hac
249 3286 416 3372 praeclara
439 3287 576 3369 epistula
595 3289 751 3372 seriptum
771 3289 811 3353 ab
830 3289 971 3373 Epicuro
995 3311 1174 3377 congruens

167 3379 200 3439 et
221 3376 412 3439 conveniens
436 3375 571 3440 decretis
595 3376 662 3440 eius
685 3377 862 3460 reperietis.
898 3376 950 3442 Ita
970 3379 1175 3465 redarguitur
1191 3407 1219 3446 aa

166 3463 236 3545 ipse
247 3483 266 3525 a
277 3484 355 3546 sese,
370 3463 664 3548 convincunturque
679 3463 799 3547 scripta
811 3466 878 3529 eius
892 3465 1055 3550 probitate
1069 3467 1174 3550 ipsius

167 3570 203 3612 ac
218 3550 369 3614 moribus.
396 3550 481 3614 Nam
496 3550 559 3613 ista
573 3551 809 3616 commendatio
823 3573 1003 3637 puerorum,
1018 3555 1175 3620 memoria

113 3255 128 3302 9
