2552 3966
327 217 395 272 LIB.
414 217 448 272 11.
477 215 554 271 cnP.
575 223 681 288 ro,1r.
711 223 867 284 §or-oo.
1055 220 1099 284 45

79 385 190 446 totum
207 380 279 460 hoc,
299 379 479 464 sapientem
498 379 672 464 aliquando
694 380 851 446 sustinere
866 381 1098 466 adsensionem,

81 467 205 534 contra
226 491 285 534 vos
313 471 371 534 est.
421 467 456 534 Si
484 468 570 534 enim
597 471 682 534 inter
712 469 782 534 uisa
803 469 886 534 nihil
918 471 1098 555 interesset,

81 562 138 621 aut
172 579 301 642 semper
333 557 508 623 sustineret
539 560 596 623 aut
627 579 812 642 numquam.
871 557 934 623 Sed
966 581 1005 624 ex
1036 560 1098 625 hoc

81 667 203 731 genere
235 649 306 712 toto
337 647 477 731 perspici
508 649 618 731 potest
648 647 762 712 levitas
790 647 945 712 orationis
980 669 1099 733 eorum,

57 735 139 820 equi
167 735 281 800 omnia
304 734 439 818 cupiunt
461 734 664 800 confundere.
702 735 891 811 Quaerimus
916 737 1099 820 gravitatis,

82 824 304 903 constantiae,
340 823 519 907 firmitatis,
557 823 735 907 sapientiae
770 823 939 908 iudicium,
979 825 1100 890 utimur

82 913 244 995 exemplis
269 912 514 996 somniantium,
537 912 748 998 furiosum,
775 912 989 996 ebriosorum3
1018 914 1099 978 illud

83 1001 297 1081 attendimus,
330 1001 366 1064 in
395 1001 458 1066 hoc
485 1002 574 1066 omni
600 1022 717 1086 genere
750 1024 847 1086 quam
878 1002 1100 1068 inconstanter

83 1089 281 1176 loquamur?
329 1087 405 1156 Non
435 1090 521 1154 enim
548 1091 765 1175 proferremus
794 1091 871 1157 vino
900 1094 956 1156 aut
986 1113 1098 1158 sonmo

51 1203 72 1240 ιο
85 1199 258 1262 oppressos
292 1179 350 1243 aut
381 1181 489 1243 mente
524 1182 636 1262 captos
669 1181 737 1244 tam
770 1180 920 1264 absurde,
957 1184 994 1245 ut
1029 1184 1099 1245 tum

84 1267 264 1332 diceremus
293 1265 450 1332 interesse
478 1268 564 1333 inter
591 1267 797 1352 vigilantium
829 1269 900 1333 visa
933 1271 965 1333 et
997 1269 1099 1334 sobri·

85 1378 179 1421 orum
203 1360 238 1420 et
261 1376 413 1420 sanomm
436 1358 616 1440 eteorum,
645 1355 700 1440 qui
725 1360 833 1421 essent
855 1357 950 1422 aliter
972 1358 1099 1442 adfecti,

83 1449 155 1509 tum
179 1443 264 1509 nihil
286 1444 452 1511 interesse.
501 1443 552 1510 Ne
578 1444 642 1509 boc
666 1445 794 1530 quidem
820 1448 967 1529 cernunt,
990 1447 1099 1512 omnia
1118 1457 1152 1508 54

86 1555 119 1597 se
141 1532 278 1598 reddere
304 1532 441 1616 incerta,
468 1532 553 1617 quod
581 1534 705 1600 nolunt.
754 1532 804 1598 Ea
834 1534 906 1599 dico
935 1535 1099 1618 incerta,

53 1646 74 1684 15
87 1643 169 1706 quae
196 1616 305 1705 ἄδηλα
333 1619 456 1686 Graeci.
501 1619 536 1688 Si
564 1622 651 1687 enim
672 1643 724 1687 res
754 1644 788 1686 sc
810 1622 859 1686 ita
880 1622 1035 1707 babeant,
1062 1628 1100 1688 ut

86 1710 169 1776 nihil
191 1710 334 1795 intersit,
356 1713 465 1774 utrum
484 1710 602 1775 itacui
619 1710 768 1775 videatur
790 1713 827 1773 ut
851 1711 979 1788 insano,
1002 1734 1044 1776 an
1065 1719 1102 1776 ut

87 1821 176 1883 sano,
195 1801 249 1862 cui
266 1799 373 1883 possit
390 1799 593 1882 exploratum
610 1821 679 1864 esse
698 1799 737 1864 de
757 1821 815 1863 sua
834 1797 995 1864 sanitate?
1014 1801 1099 1883 quod

88 1887 171 1952 velle
190 1887 319 1952 efficere
336 1909 404 1952 non
422 1887 589 1953 mediocris
609 1887 755 1953 insaniae
774 1891 832 1952 est.
865 1885 1098 1954 Similitudines

89 1997 162 2042 vero
184 1979 242 2041 aut
260 1975 463 2061 geminorum
482 1980 538 2040 aut
557 1976 724 2061 signorum
743 1976 849 2042 anulis
867 1977 1099 2061 impressorum

57 2065 253 2149 npucriliter
275 2067 509 2130 consectantur.
560 2063 639 2142 Quis
670 2066 755 2130 enim
778 2068 926 2130 nostrum
950 2065 1099 2132 similitu-

90 2155 178 2219 dines
206 2157 306 2238 negat
333 2175 417 2236 esse,
444 2174 517 2218 cum
550 2175 606 2219 eae
633 2154 781 2236 plurimis
812 2155 847 2218 in
875 2155 971 2220 rebus
1000 2177 1097 2240 appa·

90 2246 200 2308 reant?
254 2239 316 2307 Sed
355 2242 383 2307 si
410 2243 490 2307 satis
522 2245 572 2306 est
604 2242 645 2306 ad
676 2241 854 2308 tollendam
881 2243 1099 2327 cognitionem

92 2331 207 2396 similia
234 2352 304 2394 esse
332 2332 435 2396 multa
462 2331 651 2415 multorum,
679 2353 736 2396 cur
763 2354 801 2398 eo
828 2353 894 2397 non
922 2333 999 2396 estis
1025 2353 1099 2397 con-

92 2421 185 2505 tenti,
203 2419 393 2503 praesertim
412 2418 659 2486 concedentibus
677 2418 795 2486 nobis?
816 2429 848 2484 et
866 2442 922 2485 cur
939 2419 973 2485 id
990 2421 1099 2504 potius

61 2507 296 2592 acontenditis,
325 2508 410 2593 quod
437 2530 545 2572 rerum
574 2511 692 2572 natura
714 2529 780 2573 non
806 2509 943 2592 patitur,
969 2511 1007 2572 ut
1033 2531 1100 2574 non

93 2599 126 2663 in
148 2619 205 2664 suc
233 2597 372 2682 quidque
400 2615 516 2682 genere
539 2597 584 2661 sit
604 2597 683 2681 tale,
710 2596 805 2682 quale
828 2600 891 2681 est,
918 2617 977 2661 nec
1000 2598 1043 2662 sit
1065 2597 1100 2663 in

96 2686 214 2752 duobus
238 2687 295 2750 aut
319 2686 466 2769 pluribus
488 2686 579 2750 nulla
601 2707 636 2750 re
660 2685 809 2751 differens
832 2684 901 2751 ulla
924 2687 1099 2752 communi-

95 2773 162 2840 tas?
193 2776 214 2854 †
245 2778 282 2838 ut
313 2775 377 2839 sibi
408 2774 474 2840 sint
505 2778 538 2840 et
570 2795 632 2840 ova
659 2796 794 2840 ovorum
822 2778 856 2840 et
882 2770 958 2860 a'pcs
991 2776 1099 2860 apium

97 2862 283 2928 simillimae.
330 2861 413 2940 Quid
435 2883 561 2948 pugnas
583 2863 707 2948 igitur?
733 2867 789 2928 aut
811 2864 887 2948 quid
908 2864 969 2928 tibi
992 2864 1042 2929 vis
1065 2865 1098 2928 in

64 2951 249 3036 ageminis?
294 2949 490 3017 Conceditur
512 2953 597 3017 enim
625 2952 746 3016 similes
770 2973 854 3036 csse,
882 2974 945 3037 quo
969 2955 1100 3017 conten-

97 3045 145 3106 tus
170 3061 240 3105 esse
269 3043 435 3124 potueras,
461 3044 499 3106 tu
526 3043 635 3106 autem
663 3039 712 3105 vis
741 3040 871 3106 eosdem
897 3041 992 3125 plane
1020 3063 1099 3124 esse,
1119 3052 1153 3101 oa

98 3151 159 3196 nen
179 3128 315 3212 similes,
339 3128 424 3214 quod
446 3128 517 3194 fieri
534 3129 626 3194 nullo
645 3129 740 3195 modo
763 3133 881 3213 potest.
918 3129 1003 3194 Dein
1025 3151 1099 3195 con·

99 3217 175 3304 fugis
199 3217 239 3282 ad
261 3216 416 3302 physicos
440 3238 508 3302 eos,
533 3218 589 3302 qui
612 3218 750 3282 maxime
773 3218 809 3282 in
825 3217 1002 3284 Academia
1025 3218 1101 3282 inri-

100 3307 218 3389 dentur,
240 3327 260 3370 a
283 3305 400 3391 quibus
423 3328 464 3370 ne
485 3309 523 3372 tu
546 3305 674 3391 quidem
696 3306 762 3372 iam
787 3310 821 3371 te
845 3305 1038 3390 abstinebis,
1068 3310 1101 3370 et

68 3396 144 3462 nais
160 3393 381 3460 Democritum
404 3393 510 3459 dicere
532 3395 785 3460 innumerabiles
806 3416 876 3460 esse
894 3394 1045 3478 mundos,
1069 3399 1101 3459 et

102 3483 218 3569 quidem
237 3481 284 3548 sic
307 3483 463 3567 quosdam
481 3484 567 3549 inter
588 3503 658 3548 sese
676 3505 742 3548 non
761 3482 867 3547 solum
887 3482 1021 3565 similes,
1045 3484 1100 3547 sed

101 3572 228 3656 undique
255 3570 396 3654 perfecte
426 3574 459 3636 et
486 3572 633 3636 absolute
663 3571 710 3634 ita
735 3591 845 3654 pares,
874 3574 912 3635 ut
933 3570 1019 3634 inter
1045 3591 1100 3636 eos
