2564 3952
175 194 240 258 352
281 239 285 246 -
369 191 666 248 TUSCULANARUM
685 191 988 247 DISPUTATIONUM

175 361 212 421 ut
239 356 373 421 vidisset
401 359 433 420 ct
461 355 669 420 salutavisset
695 354 946 438 honorificisque
973 355 1080 418 verbis
1113 377 1186 439 pro-

177 448 303 509 secutus
327 448 413 508 esset
436 443 633 526 molesteque
657 464 690 506 se
721 442 974 526 dixisset-ferre,
1003 443 1090 526 quod
1114 464 1187 507 eum
1268 473 1269 494 κ

174 555 240 599 non
258 535 369 616 posset
387 531 510 614 audire,
529 534 564 595 at
581 531 649 594 ille:
673 529 741 594 ‘Tu
760 529 879 612 vero',
897 529 1017 614 inquit,
1042 530 1187 614 ‘potem

174 620 515 702 neccommittam,
545 622 587 682 ut
609 618 717 683 dolor
745 619 920 701 corporis
948 618 1118 699 efficiat,
1146 625 1186 682 ut

174 711 325 773 frustra
347 711 479 772 tantus
503 708 561 772 vir
585 707 629 770 ad
652 729 707 770 me
730 705 903 770 venerit?
939 706 1055 792 Itaque
1075 730 1209 772 narra-5

176 799 234 861 bat
261 819 334 860 euin
362 796 505 880 graviter
532 798 565 858 et
592 795 720 877 copiose
743 794 782 858 de
808 792 871 859 hoc
894 794 978 878 ipso,
1004 795 1090 859 nihil
1115 817 1185 860 esse

175 886 309 963 bonum,
333 883 505 967 nisi·quod
528 885 613 946 esset
634 883 821 964 honestum,
844 883 1016 947 cubantem
1039 883 1185 967 disputa·

175 974 275 1055 visse,
308 993 443 1055 cumque
475 971 567 1054 quasi
593 971 681 1035 faces
715 972 744 1034 ci
776 971 895 1036 doloris
928 970 1185 1050 admoverentur,
1268 1001 1269 1008 ¹

176 1063 271 1144 saepe
303 1061 434 1123 dixisse:
476 1057 601 1123 ‘Nihil
634 1059 732 1144 agis,
768 1058 890 1123 dolori
922 1059 1096 1142 quamvis
1131 1060 1185 1123 sis

176 1150 376 1230 molestus,
398 1169 597 1230 numquam
619 1150 656 1211 te
676 1168 759 1211 esse
778 1146 1000 1211 confitebor
1023 1148 1185 1214 malum?
1199 1175 1222 1213 io

123 1217 165 1279 26
243 1234 444 1318 Omninoque
462 1257 572 1299 omnes
592 1235 671 1298 clari
690 1239 723 1300 et
739 1235 906 1300 nobilitati
924 1235 1052 1300 labores
1071 1237 1093 1315 t
1111 1257 1188 1300 con-

123 1293 519 1408 ⁶²temp10fiuntetiam
543 1323 740 1388 tolerabiles.
776 1322 979 1406 Videmusne,
998 1323 1086 1406 apud
1104 1345 1186 1407 quos
1268 1389 1269 1402 2

176 1434 286 1476 eorum
321 1411 482 1490 ludorum,
520 1411 574 1495 qui
610 1412 754 1496 gymnici
789 1411 1011 1494 nominantur,
1047 1433 1187 1496 maguus
1268 1433 1269 1450 ¹

175 1501 279 1565 honos
303 1501 359 1583 sit,
381 1500 508 1565 nullum
530 1499 571 1564 ab
594 1500 648 1582 iis,
676 1500 731 1583 qui
753 1499 788 1564 in
810 1499 843 1563 id
871 1502 1033 1564 certamen
1056 1499 1187 1566 descen·

176 1588 268 1672 dant,
290 1589 427 1654 devitari
450 1587 614 1653 dolorem?
642 1587 727 1671 apud
756 1610 836 1671 quos
860 1591 968 1652 autem
990 1588 1132 1652 venandi
1155 1593 1187 1652 et
1201 1615 1224 1654 15
1268 1591 1269 1602 ²

176 1677 342 1761 equitandi
378 1677 449 1741 laus
486 1676 592 1760 viget,
630 1676 685 1760 qui
721 1675 804 1740 hanc
837 1678 1022 1760 petessant,
1057 1675 1186 1741 nullum
1268 1689 1269 1698 ’

175 1766 307 1851 fugiunt
329 1765 481 1830 dolorem.
526 1764 611 1840 Quid
633 1764 671 1828 de
693 1765 814 1828 nostris
837 1763 1083 1848 ambitionibus,
1107 1765 1186 1849 quid
1268 1801 1269 1826 1

162 1853 216 1917 'de
239 1853 416 1938 cupiditate
438 1853 598 1918 honorum
620 1852 756 1936 loquar?
781 1873 862 1937 quae
885 1852 1016 1916 flamma
1039 1855 1104 1935 cst,
1128 1875 1187 1936 per

177 1963 274 2026 quam
299 1963 367 2006 nou
394 1941 594 2005 cucurrerint
620 1941 657 2022 ii,
687 1942 742 2024 qui
764 1939 843 2004 haec
867 1940 944 2004 olim
967 1940 1097 2023 punctis
1122 1941 1186 2006 siu·
1268 1965 1269 2024 l

176 2030 261 2114 gulis
275 2028 496 2112 colligebant?
527 2027 642 2111 Itaque
658 2029 783 2113 sampe‘r
798 2028 969 2093 Africanus
984 2025 1186 2094 Socraticum
1199 2055 1223 2094 20

175 2115 422 2198 Xenophontem
451 2115 485 2179 in
514 2117 663 2180 manibus
695 2115 850 2199 habebat,
882 2117 972 2180 cuius
1004 2115 1038 2180 in
1070 2117 1185 2200 primis
1268 2121 1269 2124 ’

176 2203 331 2268 laudabat
349 2203 440 2284 illud,
461 2203 547 2286 quod
565 2204 686 2268 diceret
704 2205 833 2269 eosdem
851 2205 978 2269 labores
997 2225 1065 2268 non
1084 2227 1186 2289 aeque

178 2292 286 2376 gravis
326 2313 395 2356 esse
416 2291 615 2376 'imperatori
647 2296 680 2356 et
710 2292 821 2376 militi,
857 2293 943 2376 quod
974 2292 1043 2376 ipse
1079 2292 1186 2358 honos

123 2403 156 2452 63
176 2381 322 2444 laborem
349 2379 504 2445 leviorem
531 2380 652 2444 faceret
680 2380 933 2464 imperatorium.
982 2377 1045 2444 Sed
1074 2385 1187 2446 tamen
1255 2391 1269 2452 ¹.

176 2470 237 2533 hoc
266 2468 385 2552 evenit,
412 2470 450 2531 ut
474 2468 510 2532 in
537 2469 652 2553 volgus
680 2467 902 2552 insipientium
934 2468 1043 2552 opinio
1077 2470 1223 2535 valeatis
1268 2465 1269 2546 ζ

175 2557 368 2639 honestatis,
401 2571 473 2620 cum
505 2557 609 2640 ipsam
640 2555 748 2620 videre
780 2579 846 2622 uon
881 2556 1017 2639 possint.
1044 2555 1186 2646 ‘Itaque
1268 2601 1269 2612 .

175 2645 264 2708 fama
292 2649 324 2708 et
351 2643 569 2708 multitudinis
596 2643 714 2709 iudicio
744 2648 926 2726 moventur,
958 2666 1030 2710 cum
1061 2645 1095 2710 id
1128 2645 1185 2711 ho-

176 2735 304 2796 nestum
326 2735 455 2815 putent,
478 2732 563 2816 quod
583 2754 602 2796 a
619 2733 780 2816 plerisque
803 2732 959 2798 laudetur.
995 2732 1040 2797 Te
1065 2737 1185 2817 autem,
1268 2797 1269 2808 ,

177 2819 264 2884 siin
287 2819 388 2884 oculis
412 2819 456 2882 sis
480 2819 710 2898 multitudinis,
733 2825 844 2886 tamen
867 2821 935 2886 eius
958 2820 1077 2886 iudicio
1097 2825 1185 2887 stare
1268 2825 1269 2858 ³

176 2907 276 2972 nolim
294 2928 366 2990 nec,
385 2907 470 2991 quod
488 2908 547 2972 illa
563 2911 669 2992 putet,
687 2907 773 2972 idem
791 2913 904 2992 putare
923 2908 1186 2992 pulcherrimum.
1198 2936 1222 2976 ao

176 2995 245 3060 Tuo
273 2994 335 3059 tibi
362 2994 481 3060 iudicio
510 2999 561 3060 cst
586 2995 753 3080 utendum,
781 2997 843 3061 tibi
872 2997 900 3061 si
922 3001 1011 3062 recta
1032 2999 1186 3081 probanti

176 3082 331 3168 placebis,
353 3087 423 3147 tum
442 3105 507 3147 non
525 3085 624 3155 modo
645 3087 711 3149 tete
733 3084 861 3164 viceris,
885 3085 971 3170 quod
992 3086 1090 3168 paulo
1111 3091 1186 3152 ante

125 3194 157 3244 cr
176 3171 428 3256 praecipiebam,
456 3171 512 3235 sed
539 3172 644 3236 omnis
672 3175 705 3236 ct
731 3173 847 3238 omnia.
891 3172 963 3238 Hoc
991 3173 1094 3258 igitur
1124 3175 1186 3240 tibi

175 3281 332 3342 propone,
356 3258 602 3341 amplitudinem
622 3260 722 3324 animi
740 3264 773 3324 et
795 3262 887 3345 quasi
909 3261 1070 3345 quandam
1090 3284 1186 3350 exag-

176 3346 375 3433 gerationem
412 3367 508 3428 quam
545 3346 737 3412 altissimam
774 3349 886 3434 animi,
926 3369 1008 3432 quae
1046 3352 1186 3416 maxime
1199 3377 1223 3417 as

177 3433 297 3496 eminet
319 3431 561 3497 contemnendis
584 3436 617 3497 et
639 3434 852 3518 despiciendis
880 3437 1059 3520 doloribus,
1086 3461 1189 3504 unam

176 3537 246 3581 esse
274 3518 416 3584 omnium
445 3541 514 3583 rem
540 3519 802 3606 pulcherrimam,
831 3545 930 3607 eoque
955 3524 1189 3611 pulchriorem,
