2544 3952
168 215 235 280 438
369 215 666 272 TUSCULANARUM
684 214 984 271 DISPUTATIONUM

168 379 278 443 beate
306 378 509 442 vivendum
538 377 681 460 ferunt,
708 399 776 443 nee
800 399 985 460 suspensa
1013 377 1185 442 aliorum
1254 359 1255 370 ἵ

169 469 234 531 aut
252 467 350 532 bono
366 488 455 531 casu
471 469 536 530 eut
554 429 752 531 contrbrio
771 464 935 549 pendere
955 487 997 529 ex
1012 465 1183 530 alterius

168 554 318 620 eventis
351 558 389 619 et
420 575 549 618 errare
583 557 726 640 cogunt
731 577 785 638 ur,
816 553 903 618 huic
937 557 1090 637 optume
1124 555 1182 618 vi-

168 644 279 708 vendi
302 642 404 707 ratio
428 646 651 726 comparata
676 646 741 706 est
787 639 859 706 Hic
880 645 938 705 est
924 642 1028 706 tille
1052 642 1181 706 mode-

167 735 289 815 ratus,
311 731 375 796 hic
397 730 491 796 fcrt'
462 734 527 815 tm,
557 729 620 794 hic
644 731 812 814 sapiens,
838 729 901 794 hic
925 733 962 793 et
982 733 1181 795 nascenti-
1196 758 1208 797 a

168 821 238 884 bus
261 822 299 882 et
321 819 547 884 cadentibus
571 841 652 883 cum
672 819 832 902 reliquis
854 817 1076 900 commedio,
1100 823 1182 883 tum

168 908 329 972 maxime
358 907 497 972 liberis
524 907 679 991 parebit
702 910 738 971 et
766 906 946 977 oboediet
968 913 1181 991 praecepto
1256 969 1257 986 ,

169 996 232 1060 illi
255 995 390 1080 veteri3
414 1017 535 1079 neque
559 995 659 1059 enim
682 995 898 1059 laetabitur
915 1015 1091 1078 umquam
1112 1017 1182 1059 nee
1256 987 1257 1044 i

168 1083 355 1149 maerebit
377 1083 507 1166 nimia,
530 1083 628 1167 quod
648 1104 796 1167 semper
813 1083 853 1147 in
872 1104 909 1147 se
930 1083 1012 1166 ips'e
1032 1105 1181 1148 omnem

170 1194 272 1256 spem
299 1175 461 1255 reponet
489 1169 568 1235 sui'
618 1170 669 1235 Er
696 1171 758 1237 hoc
784 1171 886 1256 igitur
907 1169 1053 1235 Platonis
1086 1172 1221 1256 quasin

169 1260 305 1343 quodam
330 1262 441 1324 sancto
466 1263 666 1344 augustoque
689 1259 780 1325 fonte
803 1263 915 1325 nostra
941 1259 1043 1324 omnis
1068 1281 1181 1323 mana·
1248 1297 1258 1322 ι

66 1367 93 1438 q
119 1349 219 1461 13bit
242 1347 356 1412 oratio.
1257 1337 1258 1354 ¹

116 1476 149 1524 37
235 1435 361 1501 Unde
352 1436 576 1521 igitordiriur
598 1437 718 1502 rectius
741 1457 912 1520 possumus
936 1457 1033 1519 quam
1053 1457 1074 1498 a
1093 1455 1181 1499 com·

170 1525 260 1588 muni
292 1527 425 1608 parente
456 1525 595 1589 natura?
634 1546 729 1609 quae,
766 1524 916 1609 quicquid
953 1523 1077 1608 genuit,
1114 1544 1182 1588 uon
1243 1530 1252 1544 ‘

169 1613 264 1677 modo
288 1613 422 1696 animal,
446 1612 501 1676 sed
521 1613 619 1678 etiam
642 1612 727 1698 quod
749 1612 797 1677 ita
816 1616 922 1677 ortum
941 1615 1027 1676 esset
1046 1614 1219 1692 eternam

169 1705 239 1765 uts
241 1701 380 1783 tirpibus
400 1702 466 1765 suis
486 1701 687 1783 niteretur,
677 1724 712 1766 m
731 1721 789 1765 suo
812 1700 950 1784 quidque
969 1719 1086 1851 genere
1107 1721 1180 1782 per·
1251 1703 1259 1728 ⁴

168 1789 289 1854 fectum
312 1811 382 1854 esse
404 1789 516 1854 voluit.
560 1788 674 1873 Itaque
702 1793 735 1853 et
758 1789 949 1853 arborest
917 1791 949 1853 et
971 1790 1052 1852 v1tes
1076 1792 1110 1851 et
1134 1809 1181 1870 ea,

170 1899 251 1961 quae
279 1880 355 1942 sunt
380 1877 555 1942 humiliora
581 1899 684 1978 neque
712 1898 746 1942 se
773 1876 886 1941 tollere
914 1899 933 1941 a
965 1877 1052 1940 terre
1079 1875 1180 1941 altius

169 1969 320 2049 possunt,
292 1966 409 2030 talia
427 1987 553 2049 semper
575 1965 694 2049 virent,
667 1965 784 2030 talia
806 1965 912 2030 hieme
935 1963 1056 2028 nudata
1037 1985 1179 2029 averno

169 2016 320 2204 tempori
339 2053 502 2138 tepefacta
524 2052 745 2137 frondescunt,
766 2075 869 2136 neque
889 2056 939 2117 est
956 2041 1067 2154 ullum,
1092 2052 1216 2137 quoda

168 2142 304 2206 nonita
327 2142 437 2224 vigeat
459 2141 610 2205 interiore
634 2104 773 2225 quodain
793 2145 861 2206 mot
861 2164 882 2204 u
846 2144 933 2206 tet
953 2140 1019 2204 suis
1042 2140 1076 2204 in
1101 2162 1179 2225 quo·
1255 2187 1260 2204 .

171 2250 231 2312 que
251 2229 426 2293 seminibus
443 2229 591 2314 inclusio,
613 2233 650 2293 ut
669 2234 725 2294 ant
743 2230 838 2295 flores
857 2251 897 2294 au
899 2229 1041 2314 tfruges
1062 2228 1180 2294 fundat

171 2319 229 2381 aut
255 2317 366 2400 bacas,
393 2317 565 2402 omniaque
592 2317 626 2382 in
654 2317 816 2401 omnibus,
844 2321 946 2402 quant
947 2340 1001 2381 um
1032 2316 1067 2381 in
1096 2317 1178 2401 ipsis
1258 2371 1260 2374 .

118 2427 152 2476 38
172 2406 227 2488 sit,
254 2406 342 2471 nulla
365 2405 398 2471 vi
425 2406 619 2490 impediente
647 2405 790 2490 perfecta
819 2407 893 2471 sint.
937 2405 1078 2470 Facilius
1102 2427 1179 2470 vero

171 2494 270 2558 etiam
292 2495 327 2558 in
349 2494 478 2578 bestiis,
505 2494 590 2578 quod
618 2494 659 2558 iis
683 2516 796 2559 sensus
821 2496 978 2558 enatura
1001 2497 1051 2557 est
1074 2492 1180 2576 datus,
1193 2517 1216 2560 as

169 2582 219 2647 vis
252 2582 354 2666 ipsius
391 2586 526 2647 naturae
562 2582 701 2666 perspici
737 2586 856 2666 potest.
913 2580 1060 2665 Namque
1098 2581 1179 2646 alias

170 2671 291 2735 bestias
316 2671 424 2735 nantis
448 2691 603 2754 aquarum
626 2670 750 2736 incolas
777 2691 846 2735 esse
874 2670 992 2752 voluit,
1020 2669 1101 2734 alias
1125 2691 1179 2734 vo·

169 2758 273 2822 lucres
297 2759 385 2823 caelo
408 2759 473 2822 frui
500 2759 615 2842 libero,
644 2758 800 2842 serpentis
824 2758 994 2842 quasdam,
1021 2757 1180 2842 quasdam

171 2867 241 2910 esse
264 2847 456 2931 gradientis;
480 2846 751 2930 earumipsarum
772 2847 1083 2930 partimsolivagas,
1105 2867 1179 2930 par-

170 2935 231 2998 tim
250 2938 473 3019 congregatas,
491 2935 631 2999 inmanis
647 2934 737 3018 aliae,
756 2936 910 3018 quasdam
925 2937 1032 2998 autem
1047 2934 1179 3018 ciffles,
1192 2961 1216 3001 u

169 3044 236 3087 non
253 3023 359 3087 nullas
374 3022 501 3087 abditas
519 3026 669 3106 terraque
687 3026 800 3087 tectas.
829 3024 938 3107 Atque
957 3042 1067 3086 earum
1085 3043 1180 3105 quae·

171 3133 233 3194 que
257 3133 349 3175 sunm
376 3114 488 3175 tenens
517 3132 648 3193 munus,
676 3132 748 3176 cum
777 3111 811 3176 in
838 3111 976 3193 disparis
1005 3110 1179 3174 animantis

170 3199 272 3262 vitem
295 3199 432 3264 transire
449 3221 515 3264 non
533 3198 650 3282 possit,
674 3203 785 3264 manet
806 3199 841 3262 in
863 3197 935 3284 lege
954 3201 1098 3263 naturae.
1135 3198 1180 3263 Et

169 3289 206 3350 ut
238 3287 351 3352 bestiis
385 3287 473 3352 aliud
506 3287 563 3351 alii
594 3288 761 3371 praecipui
789 3310 809 3352 a
834 3289 951 3352 natura
983 3285 1093 3351 datum
1122 3290 1178 3370 est,

170 3374 255 3458 quod
283 3397 377 3439 suum
405 3396 547 3459 quaeque
579 3376 698 3439 retinet
728 3397 787 3440 nec
815 3373 953 3439 discedit
980 3373 1021 3438 ab
1049 3395 1100 3456 ec,
1134 3374 1178 3440 sic
1191 3401 1215 3442 sa

168 3461 294 3526 bomini
321 3463 424 3528 multo
451 3462 602 3546 quiddam
629 3463 860 3547 praestantius3
888 3463 950 3526 etsi
979 3462 1178 3545 praestantia

169 3548 286 3614 debent
310 3550 446 3629 ecdici,
474 3572 555 3634 quae
582 3550 705 3615 habent
727 3551 869 3636 aliquam
896 3550 1177 3634 comparationem,
