2552 3966
347 222 412 278 ΜΒ.
432 223 453 277 1.
482 223 559 278 cAP.
580 231 626 292 ro,
644 231 687 280 ao.
716 230 873 290 eea-oe.
1042 177 1117 288 '117

97 404 167 466 quc
203 385 304 449 variis
337 385 377 449 ab
410 385 525 450 ultima
557 387 748 469 antiquitate
784 387 931 470 repetitis
967 387 1031 452 tria
1065 387 1119 450 vix

97 473 288 538 amicorum
310 473 403 557 paria
424 474 641 558 reperiuntur,
662 477 699 538 ut
721 474 763 540 ad
781 475 927 540 Orestem
949 476 1118 558 pervenias

96 561 275 641 profectus
299 584 319 626 a
341 560 476 626 Theseo.
520 561 566 626 At
587 583 663 627 vero
686 561 846 645 Epicurus
869 585 935 628 una
956 563 991 627 in
1014 563 1119 645 domo,

98 651 137 711 et
153 671 196 712 ea
214 649 345 733 quidem
363 652 511 735 angusta,
529 671 626 734 quam
644 671 782 734 magnos
798 655 980 735 quantaque
999 651 1119 714 amoris

71 737 351 819 econspiratione
381 738 619 803 consentientes
646 740 751 803 tenuit
782 740 959 804 amicorum
990 741 1118 824 greges!

100 822 202 899 Quod
225 827 264 890 fit
287 825 385 890 etiam
407 847 492 890 nunc
510 826 551 890 ab
569 825 748 909 Epicureis.
787 825 849 892 Sed
867 828 909 892 ad
926 849 994 891 rem
1012 827 1119 891 redea-

100 935 196 996 mus;
214 913 254 978 de
273 912 457 979 hominibus
477 913 539 978 dici
556 935 623 979 non
641 936 771 980 necesse
790 921 847 980 est.
880 915 999 979 Tribus
1017 915 1118 1000 igitur
1137 935 1170 984 oo

100 1001 216 1066 modis
248 1001 342 1066 video
375 1023 445 1066 esse
473 1024 492 1066 a
519 1003 640 1068 nostris
670 1003 708 1067 de
736 1003 880 1068 amicitia
909 1004 1118 1087 disputatum.

101 1085 179 1153 Alii
207 1111 281 1154 cum
308 1110 362 1154 eas
390 1091 586 1173 voluptates,
608 1113 690 1174 quae
708 1091 749 1155 ad
770 1092 890 1156 amicos
913 1092 1118 1175 pertinerent,

59 1203 86 1240 ιο
102 1182 270 1261 negarent
301 1199 372 1242 essa
404 1199 463 1262 per
494 1199 528 1242 se
560 1179 648 1262 ipsas
679 1182 748 1244 tam
780 1180 986 1264 expetendas,
1021 1202 1119 1264 quam

103 1269 241 1330 nostras
278 1270 511 1351 expeteremuS‚
552 1289 614 1350 quo
654 1268 726 1332 loco
764 1267 891 1332 videtur
926 1268 1119 1352 quibusdam

105 1355 274 1418 stabilitas
289 1354 449 1420 amicitiae
462 1355 627 1438 vacillare,
644 1358 774 1420 tuentur
791 1358 902 1421 tamen
920 1377 993 1420 eum
1010 1356 1118 1422 locum

106 1464 208 1526 seque
235 1442 345 1527 facile,
376 1447 413 1507 ut
445 1442 525 1507 mihi
550 1443 689 1527 videtur,
721 1443 901 1526 expediunt
954 1443 1001 1509 Ut
1032 1445 1118 1509 enim

105 1532 262 1614 uirtutes,
293 1530 331 1596 de
363 1531 478 1616 quibus
511 1534 586 1596 ante
618 1532 740 1596 dictum
771 1535 833 1614 est,
866 1533 913 1596 sic
941 1531 1118 1598 amicitiam

63 1643 92 1682 15
108 1622 233 1703 negant
260 1640 355 1702 posse
383 1642 403 1684 a
428 1619 595 1703 voluptate
622 1619 793 1683 discedere.
836 1618 923 1684 Nam
948 1642 1021 1684 cum
1044 1620 1118 1684 soli·

108 1708 189 1772 tudo
218 1710 252 1770 et
277 1707 346 1772 vita
372 1707 442 1772 sinc
470 1708 582 1773 amicis
610 1707 799 1772 insidiarum
827 1711 860 1772 et
887 1712 991 1771 metus
1023 1708 1119 1792 plena

109 1797 169 1879 sit,
206 1795 291 1859 ratio
330 1796 403 1878 ipsa
435 1798 545 1860 monet
576 1795 735 1860 amicitias
767 1816 968 1877 comparare,
1004 1795 1118 1878 quibus

108 1884 214 1967 partis
233 1883 441 1948 confirmatur
458 1883 584 1948 animus
603 1887 635 1947 et
654 1906 673 1948 a
692 1905 746 1966 spe
760 1883 984 1967 pariendarum
1006 1883 1119 1967 volup-

107 1976 218 2036 tatum
245 1971 370 2056 seiungi
397 1993 463 2036 non
488 1975 604 2054 potest.
657 1971 764 2056 Atque
791 1973 828 2036 ut
855 1971 942 2054 odia,
970 1971 1119 2054 invidiae,
1138 1983 1170 2031 67

65 2084 96 2124 20
110 2060 349 2143 despicationes
376 2058 587 2125 adversantur
612 2059 849 2144 voluptatibus,
880 2059 927 2124 sio
957 2059 1119 2124 amicitiae

109 2171 177 2214 non
200 2148 296 2212 modo
318 2147 471 2212 fautrices
494 2146 714 2230 fidelissimae,
744 2146 800 2212 sed
823 2148 921 2212 etiam
943 2148 1119 2213 effectrices

99 2227 189 2300 'sunt
216 2236 421 2319 voluptatum
447 2238 517 2299 tam
544 2235 654 2300 amicis
682 2258 780 2320 quam
807 2236 884 2318 sibi3
912 2236 1027 2320 quibus
1052 2258 1119 2301 non

110 2325 218 2389 solum
240 2323 464 2406 praesentibus
487 2323 650 2406 fruuntur,
673 2322 729 2387 sed
752 2324 851 2387 ctiam
873 2345 927 2408 spe
951 2325 1119 2409 eriguntur

111 2412 337 2494 consequentis
374 2433 411 2476 ao
446 2412 570 2495 posteri
600 2411 763 2494 temporis.
823 2409 992 2494 Quodquia
1028 2411 1118 2476 nullo

70 2525 96 2564 25
110 2500 208 2565 modo
231 2500 300 2564 sine
323 2500 466 2564 amicitia
487 2500 613 2564 firmam
632 2504 664 2562 et
681 2503 870 2582 perpetuam
887 2497 1119 2564 iucunditatem

111 2588 199 2652 vitae
225 2591 333 2651 tenere
361 2609 531 2671 possumus
563 2608 666 2671 neque
697 2608 773 2650 vero
804 2587 910 2670 ipsam
942 2586 1118 2651 amicitiam

67 2713 80 2752 q
110 2676 209 2758 tucri,
235 2676 300 2742 nisi
327 2697 426 2760 aeque
454 2675 574 2741 amicos
604 2681 637 2738 et
668 2678 796 2739 nosmet
822 2674 910 2757 ipsos
937 2674 1119 2760 diligamus,

112 2763 231 2828 idcirco
256 2767 289 2827 et
310 2763 371 2828 hoc
392 2764 500 2846 ipsum
524 2763 663 2828 efficitur
684 2763 719 2826 in
742 2762 897 2842 amicitia,
920 2766 953 2826 et
975 2763 1119 2828 amicitia

113 2873 186 2916 cum
205 2850 370 2936 voluptate
388 2851 575 2916 conectitur.
610 2850 696 2916 Nam
715 2855 747 2916 et
765 2851 924 2916 laetamur
942 2853 1118 2916 amicorum

73 2965 99 3003 ao
113 2939 239 3004 laetitia
271 2961 372 3024 aeque
405 2942 501 3023 atque
532 2942 645 3004 nostra
677 2942 710 3002 et
740 2939 862 3023 pariter
888 2939 1033 3004 dolemus
1063 2961 1117 3003 an·

113 3028 254 3112 goribus.
299 3026 455 3102 Quocirca
480 3027 592 3092 eodem
615 3026 711 3091 modo
741 3026 869 3111 sapiens
897 3029 959 3091 erit
985 3028 1117 3092 affectus
1137 3045 1170 3094 oe

114 3136 191 3200 erga
228 3115 379 3199 amicum,
418 3135 481 3198 quo
518 3115 552 3180 in
588 3137 622 3180 se
659 3115 779 3199 ipsum,
815 3136 957 3199 quosque
989 3114 1118 3178 labores

113 3206 247 3286 propter
270 3225 361 3267 suam
383 3203 584 3286 voluptatem
606 3204 795 3286 susciperet,
818 3203 947 3267 eosdem
965 3200 1120 3283 suscipiet

113 3294 245 3378 propter
280 3291 376 3356 amici
414 3290 624 3375 voluptatem.
683 3290 834 3374 Quaeque
870 3290 908 3354 da
943 3288 1118 3354 virtutibus

76 3404 100 3444 ³5
114 3379 200 3448 diota
223 3382 311 3463 sunt,
334 3400 428 3463 quem
451 3378 491 3443 ad
514 3379 645 3443 modum
671 3399 726 3442 eae
749 3383 875 3462 semper
897 3376 1118 3460 voluptatibus

113 3467 324 3550 inhaererent,
342 3467 453 3532 eadam
473 3465 671 3531 deamicitia
690 3465 822 3530 dicenda
840 3468 923 3530 sunt
950 3463 1119 3530 Praeclare

115 3556 199 3620 enim
221 3554 379 3639 Epicurus
406 3554 458 3620 his
485 3576 587 3637 paene
615 3553 734 3620 verbis:
768 3553 953 3640 ‘Eadem',
978 3552 1119 3636 inquit,
