2564 3950
72 222 75 232 ⁴
184 211 249 275 326
379 207 675 265 TUSCULANARUM
696 205 997 264 DISPUTATIONUM

185 394 291 458 amus3
315 372 493 436 sinautem
510 371 595 436 nihil
617 370 875 448 denuntiabitur,
898 391 936 438 eo
958 375 1071 436 tamen
1095 372 1194 434 simus

185 461 306 543 animo,
328 463 365 524 ut
386 458 578 525 horribilem
595 459 689 524 illum
713 459 798 523 diem
822 459 910 536 aliis,
933 458 1028 526 nobis
1051 458 1195 523 faustum
1265 438 1267 502 l

184 553 333 633 putemus
361 549 504 632 nihilque
531 547 565 612 in
593 547 686 612 melis
716 547 883 630 ducamus,
911 547 997 631 quod
1025 547 1071 611 sit
1100 547 1196 611 vele

186 638 236 702 dis
263 637 489 702 inmortalibus
519 636 570 700 vel
599 639 761 700 amatura
788 638 922 719 parente
950 636 1097 700 omnium
1127 657 1197 699 con·
1267 672 1268 728 p

135 798 138 805 ¹
178 727 346 790 stitutum.
382 724 458 791 Non
476 724 562 790 euim
579 727 700 788 temere
718 745 778 788 nee
799 723 935 788 fortuito
954 724 1017 788 sati
1040 726 1074 786 et
1097 724 1221 788 creatis
1267 731 1268 806 l

186 836 309 895 sumus,
342 812 398 876 sed
424 811 570 897 profecto
598 811 660 876 fuit
687 812 846 895 quaedam
876 812 940 895 vis,
972 833 1053 896 quae
1086 813 1200 897 generi

186 902 369 968 consuleret
394 901 534 966 humano
563 921 621 964 nec
648 899 681 965 id
708 900 857 984 gIgneret
884 904 941 964 aut
968 901 1084 983 aleret,
1111 900 1201 984 quod

187 1013 260 1055 oum
290 990 523 1054 exanclavisset
554 1009 666 1053 omnes
696 988 841 1071 labores,
870 992 942 1052 tum
973 987 1133 1072 incideret
1166 989 1200 1051 in

186 1079 301 1144 mortis
329 1077 450 1142 malum
478 1075 723 1160 sempiternum,
750 1079 880 1160 portum
907 1077 1015 1159 potius
1046 1080 1200 1159 paratum
1268 1135 1269 1140 ,

134 1187 185 1236 119
208 1166 304 1231 nobis
320 1169 356 1230 ct
372 1165 557 1249 perfugium
574 1168 732 1248 putemus.
766 1164 836 1240 Quo
850 1164 975 1228 utinam
989 1163 1070 1230 velis
1089 1165 1200 1249 passis
1215 1192 1236 1228 ιο

186 1253 318 1338 pervehi
336 1253 445 1318 liceatl
478 1250 535 1318 Sin
552 1253 742 1317 reflantibus
760 1253 865 1317 ventis
887 1253 1066 1334 reiciemur,
1084 1258 1200 1317 tamen

186 1342 297 1408 eodem
335 1341 433 1424 paulu
464 1340 588 1406 tardius
620 1342 796 1406 referamur
828 1361 957 1405 necesse
989 1344 1047 1404 est.
1104 1341 1200 1416 Quod

187 1434 295 1495 autem
323 1430 471 1495 omnibus
499 1450 630 1494 neeesse
658 1434 720 1512 est,
751 1429 825 1493 idne
854 1429 1007 1493 miserum
1036 1450 1107 1493 esse
1139 1430 1199 1493 uni

186 1518 316 1602 potest?
354 1517 465 1584 Habes
488 1517 666 1603 epilogum,
688 1539 728 1583 ne
750 1516 827 1600 quid
849 1517 1115 1600 praetermissum
1139 1521 1200 1582 aut

187 1607 335 1672 relietum
351 1611 461 1691 putes.
1215 1633 1237 1670 a

252 1695 293 1760 A.
320 1695 392 1780 Ego
415 1717 505 1778 vero,
533 1697 566 1759 et
592 1693 720 1778 quidem
744 1694 823 1758 feeit
846 1694 945 1758 etiam
968 1693 1030 1758 iste
1054 1715 1106 1757 me
1130 1694 1199 1778 epi·

186 1784 281 1868 logus
304 1783 487 1849 firmiorem.

252 1879 296 1936 M.
321 1870 466 1956 Optime,
488 1871 627 1955 inquam.
674 1869 736 1935 Sed
758 1892 843 1936 nune
869 1869 996 1954 quidem
1020 1870 1198 1934 valetudini

185 1960 366 2025 tribuemus
390 1959 526 2044 aliquid,
549 1981 619 2023 cras
638 1962 759 2042 autem,
782 1962 816 2022 et
834 1962 913 2042 quot
930 1958 998 2022 dies
1018 1959 1140 2023 erimus
1161 1959 1199 2022 in

186 2048 386 2130 Tusculano,
408 2068 542 2132 agamus
559 2047 639 2112 haee
657 2051 691 2111 et
708 2069 747 2111 ea
767 2047 985 2130 potissimum,
1008 2067 1092 2130 quae
1110 2048 1198 2112 leva·
1212 2073 1238 2111 ιο

185 2136 306 2200 tionem
320 2134 463 2200 habeant
476 2135 725 2220 aegritudinum,
738 2134 957 2216 formidinum,
974 2134 1199 2219 cupiditatum,

186 2224 242 2308 qui
264 2223 354 2288 omni
376 2243 393 2288 e
414 2223 623 2308 philosophia
646 2227 697 2288 est
718 2223 842 2288 fruetus
866 2223 1055 2290 uberrimus.
1124 2222 1128 2230 '

583 2386 731 2393 ...κ-..-
743 2385 794 2392 ---

432 2511 480 2581 M.
509 2509 671 2582 TULLII
698 2507 946 2580 CICERONIS

252 2671 674 2759 TUSOULANARUM
706 2670 1134 2757 DISPUTATIONUM

549 2819 599 2872 AD
618 2818 655 2870 M.
674 2817 828 2872 BRUTUM

513 2950 636 3008 LIBER
659 2948 866 3010 SECUNDUS

410 3065 481 3132 Du·
494 3066 760 3134 TOLERANDO
783 3067 968 3134 bonuau.

513 3301 865 3362 ARGUMENTUM.

254 3419 325 3474 Post
348 3417 570 3472 cohortationem
594 3417 630 3472 ad
652 3417 860 3487 philosophiam
879 3417 1029 3490 diligenter
1048 3419 1197 3476 colendam

185 3493 215 3544 et
232 3489 341 3544 Latinis
360 3489 557 3544 illustrandam
571 3487 673 3542 litteris
689 3490 760 3557 (cap.
777 3491 865 3556 1—3)
885 3505 977 3544 sermo
992 3490 1021 3543 in
1035 3489 1194 3546 Tusculano

185 3561 225 3614 de
254 3560 373 3614 dolore
398 3559 582 3614 tolerando
608 3558 752 3613 institutus
776 3557 931 3634 exponitur.
968 3560 995 3614 Is
1023 3559 1135 3615 ducitur
1158 3562 1195 3615 ab
