2502 3960
110 225 173 289 106
275 225 324 279 DE
343 223 487 279 FINIBUS
505 221 684 279 BONORUM
702 223 749 277 ΕΤ
768 222 950 280 umorum

107 388 292 471 importuno
314 391 446 472 tamque
466 385 602 471 crudeli3
626 385 690 470 sin,
713 389 751 450 ut
773 385 882 451 dolore
901 407 959 451 suo
978 387 1119 451 sanciret

107 477 257 540 militaris
285 475 415 559 imperii
441 474 645 558 disciplinam
669 474 907 560 exercitumque
934 475 969 539 in
994 475 1118 560 gravis·

108 566 190 630 simo
223 565 309 630 bello
342 562 629 629 animadversionis
664 565 751 627 metu
791 563 983 647 contineret,
1019 563 1118 628 saluti

107 653 274 737 prospexit
308 652 440 736 civium,
475 673 540 735 qua
575 651 788 735 intellegebat
824 651 981 716 contineri
1017 673 1118 716 suam.

55 754 89 802 36
109 740 215 826 Atque
247 741 327 806 haec
357 741 443 806 ratio
474 739 540 803 late
572 743 670 822 patet.
714 738 753 803 In
781 761 844 824 quo
871 739 956 804 enim
979 741 1118 804 maxime
1146 767 1162 808 s

108 829 275 896 consuevit
297 828 418 894 iactare
436 830 545 893 vestra
563 849 597 892 se
621 828 739 912 oratic,
761 831 819 892 tua
840 829 1041 912 praesertim,
1064 828 1119 912 qui

108 919 251 984 studiose
280 918 413 1002 antiqua
439 916 653 1000 persequeris,
680 915 778 981 claris
806 918 840 980 et
866 916 1006 981 fortibus
1038 917 1119 982 viris

108 1006 397 1072 commemorandis
421 1025 594 1089 eorumque
616 1003 713 1069 factis
731 1025 797 1068 non
820 1005 1037 1070 emolumento
1061 1004 1119 1068 ali-

109 1118 187 1180 quo,
210 1093 266 1160 sed
288 1095 389 1178 ipsius
412 1092 591 1158 honestatis
613 1093 728 1158 decore
750 1091 934 1177 laudandis,
955 1092 989 1157 id
1011 1095 1119 1158 totum

108 1183 264 1248 evertitur
291 1204 328 1247 eo
357 1181 475 1246 dilectu
501 1203 622 1264 rerum,
650 1201 745 1265 quem
767 1181 864 1246 modo
892 1181 972 1266 dixi,
1000 1182 1162 1250 consti-¹10

107 1276 188 1355 tuto,
207 1275 244 1334 ut
259 1273 315 1334 aut
328 1270 512 1354 voluptates
530 1271 725 1334 omittantur
738 1269 897 1334 maiorum
915 1271 1120 1354 voluptatum

108 1358 386 1443 adipiscendarum
406 1379 502 1422 cansa
516 1361 573 1422 aut
587 1357 714 1423 dolores
729 1358 944 1442 suscipiantur
961 1359 1119 1425 maiomm

57 1448 256 1600 ndolosrpp
270 1446 698 1600 ddfudlberbddbdmhdddilddm
733 1534 830 1599 factis
867 1535 1050 1601 illustribus
1087 1539 1121 1600 et
1246 1565 1248 1570 ¹

108 1625 260 1710 gloriosis
291 1624 371 1689 satis
402 1623 465 1689 hoc
492 1622 563 1688 loco
591 1623 712 1688 dictum
740 1623 792 1687 sit.
841 1623 916 1689 Erit
943 1625 1029 1688 enim
1053 1625 1162 1692 iamrs

108 1715 148 1778 de
181 1713 324 1778 omnium
352 1712 510 1790 virtutum
537 1733 632 1779 cursu
665 1710 706 1776 ad
736 1711 939 1795 voluptatem
968 1713 1119 1796 proprius

108 1799 285 1866 disserendi
320 1802 418 1866 locus.
475 1799 571 1865 Nunc
607 1804 715 1864 autem
753 1799 934 1884 explicabo,
970 1802 1119 1884 voluptas

108 1892 181 1973 ipsa
209 1911 290 1974 quae
319 1888 488 1973 qualisque
516 1888 572 1966 sit,
599 1891 637 1952 ut
662 1887 798 1952 tollatur
821 1910 910 1954 error
932 1889 1036 1953 omnis
1060 1889 1121 1952 im-

108 1979 287 2061 peritorum
314 1976 598 2060 intellegaturque,
627 1997 678 2059 ea,
706 1997 787 2059 quae
814 1976 1011 2060 voluptaria,
1040 1976 1119 2042 deli-

110 2069 196 2149 cata,
218 2065 327 2131 mollis
349 2064 509 2128 habeatur
534 2063 720 2148 disciplina,
748 2085 845 2149 quam
872 2065 994 2148 gravis,
1022 2087 1118 2148 quam
1132 2091 1160 2132 ro
1189 2146 1195 2156 ἢ

108 2155 291 2236 continens,
319 2175 415 2236 quam
443 2173 556 2216 severa
583 2153 634 2216 sit.
684 2150 760 2217 Non
788 2153 874 2216 enim
901 2152 986 2217 banc
1016 2153 1119 2218 solam

110 2243 286 2326 sequimur,
310 2262 392 2324 quae
411 2240 570 2304 suavitate
589 2241 698 2324 aliqua
714 2243 866 2306 naturam
884 2241 990 2324 ipsam
1011 2245 1122 2306 movet

110 2335 143 2396 et
171 2352 243 2394 cum
270 2329 471 2393 iucunditate
499 2328 635 2413 quadam
666 2328 843 2412 percipitur
870 2329 1031 2408 sensibus,
1064 2329 1120 2394 sed

65 2434 67 2445 ·
110 2419 285 2482 maximam
307 2418 510 2501 voluptatem
533 2417 624 2481 illam
648 2416 817 2500 habemus,
841 2417 1121 2501 quae=percipitur

109 2507 198 2571 omni
221 2506 331 2571 dolore
355 2505 508 2570 detracto.
552 2504 639 2570 Nam
662 2504 827 2590 quoniam,
855 2527 927 2569 cnm
954 2507 1121 2589 privamur
1134 2530 1160 2572 as

109 2595 232 2678 dolore,
259 2594 332 2677 ipsa
358 2594 549 2658 liberatione
577 2597 610 2658 et
631 2593 795 2658 vacuitate
822 2594 929 2658 omnis
951 2594 1121 2659 molestiae

109 2681 301 2767 gaudemus,
329 2704 423 2748 omne
451 2685 557 2746 antem
587 2681 634 2766 id,
661 2703 723 2766 quo
752 2677 1120 2766 gaudemusjvoluptas

110 2775 172 2853 est,
200 2774 237 2836 ut
266 2792 372 2854 omne,
401 2792 463 2854 quo
492 2769 698 2852 offendimur,
730 2769 836 2855 dolor,
866 2769 986 2835 doloris
1015 2771 1120 2836 omnis

109 2859 249 2943 privatio
272 2862 358 2924 recte
380 2859 547 2922 nominata
570 2861 620 2922 est
641 2857 802 2942 voluptas.
851 2856 898 2922 Ut
921 2858 1020 2943 enim,
1048 2880 1120 2923 cum

109 2949 181 3013 cibo
210 2950 243 3012 et
269 2947 400 3031 potione
419 2946 530 3012 tames
558 2946 693 3030 sitisque
721 2943 854 3029 depulsa
880 2948 943 3029 est,
973 2947 1045 3029 ipsa
1067 2947 1160 3015 ‹le-a

108 3037 226 3101 tractio
249 3036 417 3101 molestiae
447 3036 704 3100 consecutionem
735 3034 830 3098 affert
856 3033 1046 3119 voluptatis,
1075 3036 1122 3100 sic

109 3125 145 3188 in
172 3125 260 3188 omni
282 3146 316 3189 re
339 3124 459 3190 doloris
483 3123 604 3188 amotio
628 3121 863 3186 successionem
887 3121 987 3186 eflicit
1008 3124 1121 3207 volup·

56 3232 90 3280 38
111 3213 198 3277 tatis.
240 3212 355 3298 Itaque
377 3234 443 3277 non
465 3211 587 3295 placuit
610 3210 751 3294 Epicuro
776 3209 917 3274 medium
937 3231 1007 3276 esse
1031 3212 1122 3296 quid-

110 3301 185 3366 dam
212 3301 297 3365 inter
324 3301 468 3365 dolorem
497 3303 529 3364 et
556 3298 770 3382 voluptatem3
794 3296 874 3362 illud
898 3299 982 3363 enim
1006 3300 1122 3385 ipsum,

110 3389 196 3473 quod
224 3388 416 3472 quibusdam
448 3386 590 3452 medium
617 3384 758 3471 videtur,
789 3406 863 3450 cum
891 3388 979 3452 omni
1011 3387 1122 3452 dolore
1135 3412 1160 3455 cs

109 3479 246 3558 careret,
277 3497 344 3541 non
380 3475 476 3541 modo
512 3475 712 3557 voluptatem
752 3496 837 3559 esse,
874 3496 986 3541 verum
1023 3475 1121 3540 etiam

110 3585 269 3628 summam
291 3564 500 3648 voluptatem.
540 3561 693 3646 Quisquis
717 3563 804 3628 enim
828 3564 941 3648 sentit,
964 3586 1059 3648 quem
1082 3563 1122 3629 ad
