2552 3966
338 1202 385 1275 M.
414 1202 576 1276 TULLII
602 1203 850 1286 CICERONIS
951 1207 956 1215 '

82 1368 158 1452 Du
195 1365 412 1454 FINIBUS
449 1367 705 1454 BONORUM
740 1369 807 1453 ΕΤ
839 1368 1100 1458 MALORUM
1168 1461 1170 1466 ,

422 1532 542 1602 Lisai
565 1533 773 1612 eunoun

352 1761 355 1765 ’
444 1803 565 1864 nisus
586 1803 744 1867 suiuus

416 1943 770 2006 ARGUMENTUM.

158 2060 257 2116 Cicero
279 2061 430 2130 postquam
452 2059 648 2142 philosophiae
671 2061 794 2116 studium
822 2059 925 2132 scripto
948 2061 1099 2117 Hortensio

82 2131 216 2188 defend-it
234 2132 263 2186 et
281 2131 487 2186 'commendavit
504 2131 642 2200 editisque
666 2133 799 2200 quattuor
817 2132 992 2188 Academicis
1010 2132 1099 2199 libris,

85 2203 164 2271 quod
188 2218 277 2272 genus
304 2200 524 2272 philosophandi
551 2201 665 2256 minime
697 2203 835 2272 adrogans
866 2203 1042 2272 maximeque
1070 2206 1100 2257 et

86 2275 221 2328 constans
240 2273 269 2326 et
287 2272 401 2342 elegans
419 2273 615 2340 arbitraretur,
639 2273 774 2340 ostendit,
798 2289 860 2328 crim
887 2273 1099 2328 fundamentum
1135 2291 1138 2294 ·

86 2341 286 2412 philosophiae
308 2343 434 2411 positum
459 2359 517 2398 esse
540 2342 651 2398 videret
668 2343 698 2398 iu
719 2344 821 2398 finibus
838 2344 976 2398 bonorum
993 2346 1023 2399 et
1040 2361 1098 2398 ma-

85 2416 193 2480 lorum,
217 2412 291 2468 hunc
312 2413 406 2482 ipsum
428 2413 485 2468 iam
508 2415 602 2468 locum
626 2429 677 2482 per
697 2431 797 2484 urgere
815 2413 962 2469 constituit
979 2429 1052 2469 anno
1070 2431 1098 2482 p.

85 2503 114 2538 u.
134 2502 158 2539 c.
178 2489 231 2539 toa
250 2485 315 2538 ante
334 2483 396 2540 Chr.
415 2486 473 2538 nat.
492 2489 540 2552 45,
557 2486 601 2553 ut,
621 2432 695 2552 quii
708 2501 725 2538 a
743 2485 897 2553 quoquest
915 2483 984 2552 quid
1001 2485 1099 2538 contra

86 2571 228 2624 quemque
251 2554 362 2624 philoso
383 2555 452 2609 hum
475 2554 626 2623 diceretur,
648 2553 777 2624 intellegi
798 2556 903 2623 posset.
941 2553 1044 2622 ltaque
1067 2556 1100 2608 nt

85 2625 117 2680 in
131 2625 248 2693 reliquis
263 2625 297 2678 de
311 2573 493 2694 phiiiuophia
506 2625 585 2680 libris
599 2624 680 2694 lecit,
699 2624 821 2680 Graecos
837 2627 966 2680 auctores
979 2627 1099 2694 secutus,

88 2713 208 2764 quorum
230 2693 337 2764 sciipta
358 2711 448 2764 paene
471 2695 509 2750 ad
531 2695 647 2752 verbum
670 2695 819 2764 expressit,
845 2695 880 2750 de
899 2712 1006 2750 summo
1023 2696 1097 2751 hono

88 2769 118 2847 et
130 2767 211 2822 malo·
221 2765 265 2819 ita
278 2765 440 2848 disputavit,
458 2767 491 2821 ut
503 2765 564 2836 ipse
578 2765 742 2848 Aristotelio
756 2767 877 2848 morein
891 2766 1004 2837 dialogo
1018 2783 1099 2836 prae-

86 2837 540 2990 attentassent}
556 2837 943 2978 tttttttltltdt
957 2853 1099 2979 tttttt

88 2978 270 3047 philosophia
291 2981 347 3047 est,
374 2981 448 3033 mter
471 2977 631 3036 Ciceronem
660 2981 690 3034 et
711 2978 742 3032 L.
766 2979 902 3034 Manlium
924 2979 1099 3047 Torquatum

86 3051 118 3102 et
138 3048 168 3103 0.
186 3048 331 3103 Valerium
350 3049 490 3104 Triarium
512 3049 543 3104 L.
562 3049 662 3104 Paullo
681 3048 710 3103 Ο.
729 3049 864 3104 Marcello
890 3066 959 3106 coss.
978 3066 1052 3104 anno
1070 3067 1097 3119 p.

87 3137 114 3174 u.
130 3137 153 3174 c.
169 3124 234 3186 ⁷04,
253 3135 279 3175 a.
298 3119 361 3174 Chr.
374 3123 432 3174 nat.
448 3125 491 3189 50,
509 3118 539 3174 in
558 3118 698 3174 Ciceronis
712 3118 836 3176 Οιιιιιιιιο
850 3120 962 3176 habitus
976 3119 1098 3190 fingitur.

88 3191 292 3260 Argumentum
310 3192 406 3245 autem
423 3190 506 3244 hrrius
523 3189 590 3245 libri
606 3190 666 3244 lere
686 3189 745 3244 eius
763 3190 841 3246 modi
857 3194 912 3246 ests
930 3189 1014 3245 Initio
1033 3190 1099 3245 libri

87 3259 186 3315 Cicero
205 3259 242 3318 M.
261 3259 380 3316 Brutum
398 3261 552 3330 adloquens
570 3260 718 3316 consilium
737 3278 817 3316 suurn
835 3277 882 3330 ea,
908 3276 979 3330 quae
998 3260 1100 3316 Graeci

85 3331 123 3384 de
145 3330 327 3400 philosophia
349 3331 538 3402 scripsissent,
560 3331 668 3388 Latinis
692 3331 795 3386 litteris
819 3331 973 3386 mandandi
990 3347 1008 3386 a
1026 3330 1098 3386 vitu-

87 3401 264 3470 peratoribus
288 3402 328 3458 sic
350 3402 489 3471 defendit,
513 3404 558 3471 ut,
582 3402 714 3472 quoniam
736 3402 883 3457 universae
901 3401 1099 3472 philosophiae

85 3470 332 3542 reprehensoribus
350 3471 381 3527 in
394 3473 545 3528 Hortensio
564 3488 726 3542 responsum
744 3473 794 3540 sit,
813 3475 910 3527 contra
928 3489 976 3526 eos
994 3475 1099 3538 autem,

86 3543 134 3611 qui
160 3542 371 3613 philosophiam
398 3560 454 3598 non
476 3559 590 3613 prorsus
613 3542 742 3610 reiciant,
768 3542 818 3596 sed
840 3541 932 3596 miuus
955 3543 1043 3597 studii
1069 3545 1100 3598 et
