2574 3956
366 236 434 290 LIB.
452 236 486 290 ΙΙ.
515 235 600 305 cnr„
614 242 734 293 12-1u
762 243 917 303 §aa-44.
1084 237 1147 303 139

121 401 246 463 autem
270 397 339 461 eius
362 397 450 461 modi
473 401 535 480 est,
559 401 596 461 ut
615 397 760 462 additum
778 398 819 461 ad
838 399 990 463 virtutem
1009 401 1145 465 auctori-

121 489 239 551 tatem
271 485 419 549 videatur
457 485 550 550 habit
550 507 644 550 urum
681 489 714 549 et
749 485 949 568 expleturum
986 489 1147 552 cumulate

122 574 240 638 vitam
262 573 338 638 beat
324 577 405 656 tam,
429 573 467 636 de
490 573 677 658 quaomnia
699 572 778 638 haec
802 575 949 658 quaestio
968 580 1025 639 est.
1002 574 1146 640 tNam

111 662 190 746 qui
229 661 269 726 ad
305 661 458 726 virtutem
477 661 677 762 ‘adiungunt
714 663 765 727 ιιι
800 663 1013 746 voluptatem,
1050 685 1147 746 quam

92 772 234 854 sunam
266 749 368 813 virtus
406 748 532 813 minimi
561 745 660 832 facit,
697 749 748 814 vel
785 750 981 814 vacuitatem
1017 751 1146 834 doloris,

108 829 218 922 quae
246 837 373 902 etiamsi
405 837 491 901 malo
523 841 627 919 caret,
656 841 766 902 tamen
797 859 866 901 non
898 841 947 902 est
984 860 1146 904 summum

126 927 271 1009 bonum,
308 925 489 990 accessione
526 928 662 989 utuntur
699 946 765 990 non
797 925 844 990 ita
878 925 1053 1009 probabili,
1088 948 1146 991 nec

127 1019 258 1097 tamen,
292 1034 348 1077 cur
378 1013 411 1077 id
442 1015 510 1076 tam
547 1034 642 1096 parce
674 1015 805 1096 tamque
837 1014 985 1078 restricte
1016 1013 1146 1096 faciant,

128 1102 300 1186 intellego.
346 1099 446 1176 Quasi
469 1100 555 1164 enim
579 1102 749 1165 emendum
771 1102 816 1166 eis
839 1102 894 1185 sit,
917 1102 1004 1185 quod
1027 1102 1147 1166 addant

86 1216 114 1254 ιο
131 1190 175 1254 ad
200 1189 366 1272 virtutem,
389 1189 531 1271 primum
554 1188 728 1252 vilissimas
751 1211 802 1253 res
826 1189 960 1273 addunt,
983 1190 1057 1254 dein
1081 1191 1145 1254 sin·

131 1279 229 1363 gulas
252 1277 373 1360 potius,
396 1298 494 1359 quam
517 1276 639 1354 omnia,
662 1297 745 1360 quae
766 1278 871 1360 prima
889 1281 1006 1342 natura
1028 1299 1143 1361 appro-

130 1367 292 1446 bavisset,
316 1385 353 1427 ea
375 1386 449 1428 cum
470 1363 640 1428 honestate
662 1365 901 1450 coniungerent.
946 1365 1036 1442 Quae
1060 1367 1144 1450 quod
1163 1385 1196 1433 43

132 1452 284 1518 Aristoni
308 1456 341 1516 et
362 1451 535 1536 Pyrrhoni¹
549 1453 680 1517 omnino
702 1452 773 1517 visa
797 1457 872 1517 sunt
894 1475 952 1536 pro
975 1454 1087 1536 nihilo,
1110 1457 1146 1518 ut

132 1543 221 1606 inter
254 1541 379 1628 ,optime
415 1539 523 1603 valere
562 1542 595 1603 et
632 1541 821 1625 gravissime
859 1545 1026 1626 aegrotare
1063 1541 1145 1605 nihil

93 1655 120 1694 ιι
135 1651 267 1714 prorsus
300 1628 441 1692 dicerent
467 1628 637 1710 interesse,
668 1631 754 1692 recte
781 1629 847 1692 iam
878 1628 1002 1711 pridem
1034 1633 1145 1693 contra

135 1740 191 1782 eos
215 1717 353 1781 desitum
377 1719 426 1780 est
453 1715 619 1798 disputari.
664 1713 750 1780 Dum
773 1715 916 1780 enimin
939 1737 1003 1779 una
1026 1716 1145 1780 virtute

137 1806 182 1870 sic
215 1804 324 1870 omnia
355 1825 424 1868 esse
456 1804 637 1887 voluerunt,
670 1807 708 1867 ut
735 1825 805 1867 eam
832 1825 940 1868 rerum
972 1803 1145 1868 selectione

137 1893 355 1977 exspoliarent
388 1913 447 1956 nec
483 1893 514 1954 ei
550 1893 734 1975 quicquam,
777 1895 834 1956 aut
876 1892 958 1956 unde
999 1892 1145 1976 oriretur,

138 1982 261 2064 darent,
285 1983 342 2044 aut
363 1979 420 2044 ubi
442 1979 612 2062 niteretur,
635 1979 787 2044 virtutem
810 1980 929 2064 ipsam,
958 2002 1056 2064 quam
1079 2003 1145 2044 am-

1 2108 3 2136 .
97 2095 125 2134 ιι
138 2068 361 2153 plorabantur,
384 2067 591 2132 sustulerunt
633 2065 757 2132 Erillus
781 2072 889 2132 autem
912 2068 952 2132 ad
976 2069 1145 2133 scientiam

140 2157 247 2233 omnia
268 2177 423 2220 revocans
446 2177 547 2220 unum
570 2156 730 2239 quoddam
749 2156 870 2221 bonum
893 2157 986 2238 vidit,
1011 2156 1066 2220 sed
1085 2179 1145 2221 nec

140 2246 310 2328 optimum,
337 2265 397 2307 nec
423 2264 486 2327 quo
513 2243 581 2309 vita
603 2243 776 2328 gubernari
798 2245 911 2328 possit.
956 2244 1070 2328 Itaque
1093 2245 1145 2309 hic

139 2333 206 2417 ipse
229 2331 294 2396 iam
321 2331 444 2415 pridem
467 2334 518 2395 est
539 2331 687 2416 reiectus,
717 2335 792 2415 post
777 2333 902 2397 tanim
926 2331 1145 2416 Chrysippum

139 2443 202 2486 non
225 2441 302 2484 sane
325 2425 376 2484 est
398 2420 543 2503 disputat
510 2442 607 2484 a.um

4 2546 9 2556 ·
102 2533 128 2574 ιι
201 2507 327 2572 Restat
304 2511 346 2572 ιιι
373 2508 475 2609 igitur
501 2528 573 2592 vos,
599 2528 677 2572 nam
700 2528 775 2572 cum
797 2507 998 2596 Academicis
1022 2507 1197 2573 incertam

140 2597 271 2662 luctatio
299 2597 361 2678 est,
397 2595 452 2696 qui
479 2594 562 2659 nihil
591 2595 822 2660 affirmantet
788 2588 944 2679 etquasi
976 2595 1145 2679 desperata

142 2684 320 2770 cognitione
352 2682 430 2747 certi
468 2683 503 2748 id
535 2685 625 2767 sequi
656 2683 783 2767 volunt,
819 2683 1041 2769 quodcumque
1077 2686 1144 2750 veri

143 2773 240 2836 simile
272 2771 379 2836 videat
365 2776 426 2836 t.ur
480 2768 562 2836 Cum
592 2771 735 2855 Epicuro
768 2774 875 2837 autem
903 2772 965 2837 hoc
992 2773 1064 2856 plus
1095 2777 1145 2836 est
1163 2792 1198 2838 44

141 2863 235 2945 negot
235 2861 271 2944 ii,
299 2860 384 2944 quod
411 2882 428 2923 e
457 2859 576 2942 duplici
604 2881 720 2944 genere
749 2861 907 2944 voluptat
862 2882 925 2925 ars
953 2862 1143 2926 coniunctus

77 2953 201 3031 mest,
232 2948 378 3032 quodque
410 2948 477 3012 ιι
467 2968 537 3030 1pse
566 2951 599 3011 et
626 2947 722 3012 amici
750 2949 818 3013 eius
847 2952 879 3013 et
905 2949 1000 3013 multi
1031 2953 1106 3031 post
1107 2971 1145 3014 ea

144 3036 319 3101 defensores
356 3036 425 3101 eius
464 3035 643 3100 sententiae
679 3035 821 3120 fuerunt,
862 3041 895 3100 et
936 3035 1143 3122 nescioquo

144 3124 247 3208 modo,
270 3124 298 3188 is
320 3124 377 3208 qui
400 3123 625 3188 auctoritatem
646 3123 812 3188 minimam
834 3125 947 3208 habet,
969 3123 1144 3188 maximam

144 3212 215 3291 vim,
236 3212 377 3296 populus
401 3233 474 3276 cum
496 3210 562 3274 illis
585 3211 673 3276 facit.
651 3210 801 3288 tQuos
823 3211 888 3277 nisi
910 3175 1144 3296 redarguimus,

1 3367 3 3386 ,
145 3301 240 3364 onmis
263 3301 378 3384 virtus,
402 3319 496 3364 omne
519 3299 628 3382 decus,
651 3301 756 3365 omnis
765 3310 855 3365 vera
877 3300 948 3364 laus
972 3299 1145 3363 deserenda

72 3396 81 3464 l
111 3413 133 3454 u
145 3391 194 3452 es
174 3386 362 3452 ιΙιιι
312 3392 362 3452 ιιι
363 3409 491 3452 erorum
514 3386 681 3452 sententiis
708 3389 841 3453 semotis
864 3387 1056 3471 relinquitur
1078 3408 1145 3452 non

11 3517 25 3564 ,5
144 3476 215 3541 mihi
234 3498 307 3542 cum
325 3475 501 3560 Torquate,
520 3474 575 3540 sed
593 3476 705 3541 virtut
695 3498 708 3539 1
726 3497 806 3540 curn
816 3476 975 3627 voluptatt
966 3497 982 3538 e
951 3475 1143 3540 tcertatio

145 3565 239 3642 Quam
262 3563 391 3648 quidem
410 3563 522 3628 certat
513 3585 619 3629 ionem
641 3564 791 3628 homoe
810 3567 922 3630 acutus
943 3566 975 3626 et
999 3562 1144 3647 diligens,

108 3676 143 3939 l
