2552 3966
344 190 411 244 me.
429 191 463 244 11.
492 189 569 246 oAP.
589 197 632 258 es,
650 197 693 245 ae.
721 195 861 256 §ee-ee
1067 191 1110 254 61

104 375 165 418 non
174 352 279 418 novit.
297 352 337 416 In
349 352 557 435 philosophia
570 352 693 436 igitur?
707 351 763 418 Sol
773 349 911 437 quantus
922 355 975 434 sit,
984 353 1061 438 quid
1071 354 1112 418 ad

105 441 216 505 illum?
240 439 335 516 Quod
349 440 393 505 sit
407 461 567 518 summum
581 441 711 525 bonum,
733 441 811 525 quid
832 441 940 524 habet,
964 445 1001 506 ut
1015 447 1112 526 queat

103 528 268 593 iudicare?
292 527 356 604 Qui
374 527 497 611 digitur
513 528 689 593 iudicabit?
712 527 800 605 Quae
815 528 1008 612 coniunctio,
1031 551 1112 614 quae

104 615 259 681 diiunctio
298 637 374 680 vera
410 617 465 700 sit,
497 615 573 700 quid
601 616 752 702 ambigue
790 617 911 682 dictum
948 617 1004 700 sit,
1035 619 1112 699 quid

74 708 258 788 esequatur
291 725 448 787 quamque
479 725 561 787 rem,
594 704 671 788 quid
702 709 872 790 repugnet,
905 705 933 770 si
969 705 1049 769 haec
1080 710 1114 770 et

102 792 219 856 horum
238 791 361 856 similia
383 792 514 875 iudicat,
535 792 575 856 de
594 814 628 856 se
650 793 723 876 ipsa
745 793 874 858 iudicat.
906 792 984 858 Plus
1004 795 1115 857 autem

101 879 329 964 pollicebatur.
372 879 458 945 Nam
487 880 567 945 haee
595 881 723 964 quidem
753 881 894 947 iudicare
922 881 962 946 ad
990 884 1111 946 ceteras

101 990 166 1052 res,
194 972 377 1053 quaesunt
402 968 439 1032 in
464 968 672 1052 philosophia
699 969 822 1035 multae
845 973 941 1054 atque
965 989 1112 1071 magnae,

101 1059 234 1122 nonest
255 1056 346 1122 satis.
378 1055 441 1121 Sed
464 1057 615 1140 queniam
637 1059 797 1122 tautum
787 1080 822 1122 ιιι
836 1080 874 1122 ea
893 1060 962 1122 arte
981 1057 1112 1141 ponitis,
1131 1070 1164 1118 ea

62 1171 90 1210 ιι
101 1143 223 1228 v1detc
258 1166 300 1209 ne
339 1149 450 1210 eontra
480 1166 538 1210 vos
573 1148 644 1209 tota
680 1149 760 1210 nata
794 1146 849 1229 sit3
891 1165 973 1231 quae
1006 1146 1111 1229 primo

100 1253 279 1318 progressu
307 1232 424 1298 festive
452 1233 553 1297 tradit
581 1233 739 1299 elementa
768 1233 919 1385 loquendi
949 1237 981 1298 et
966 1235 1110 1299 tambi-

101 1341 238 1423 guorum
266 1319 524 1406 intellegentiam
546 1321 817 1474 concludendique
839 1322 1013 1405 rationem,
1042 1327 1112 1386 tum

99 1409 214 1492 paucis
237 1408 356 1473 additis
378 1409 469 1473 uenit
491 1408 532 1473 ad
555 1410 637 1474 serit
638 1431 687 1494 as,
718 1410 879 1475 lubricum
902 1431 979 1492 saue
1003 1414 1036 1474 ct
1057 1432 1111 1494 pe

100 1497 279 1562 riculosum
300 1497 416 1578 locum,
440 1497 562 1581 quodt
562 1519 583 1562 u
547 1497 701 1562 tmodo
725 1497 855 1563 dicebas
875 1519 944 1563 esse
959 1498 1110 1562 vitiosum

61 1585 322 1668 reinterrogandi
363 1605 472 1670 genus.
530 1584 614 1661 Quid
652 1585 750 1670 ergo?
791 1585 884 1650 istius
920 1585 968 1649 vit
969 1585 994 1649 ii
954 1577 1163 1650 tnum29

99 1676 215 1739 nostre
239 1673 333 1756 culpa
356 1672 427 1737 est?
471 1672 591 1738 Rerum
614 1694 657 1737 na
658 1675 731 1737 tura
752 1672 875 1737 nullam
898 1672 993 1738 nobis
1023 1672 1112 1737 dedit

101 1761 322 1847 cognitionem
349 1761 476 1845 finium,
508 1765 546 1826 ut
568 1761 672 1825 ulle
662 1782 754 1826 mre
777 1763 918 1825 statuere
940 1761 1112 1844 possimus,

102 1853 276 1933 quatenus3
299 1871 357 1913 neo
380 1849 442 1914 hoc
460 1850 494 1914 in
509 1871 622 1914 acervo
641 1848 743 1913 tritici
757 1847 872 1932 solum,
894 1848 978 1913 unde
992 1869 1112 1913 nemen

102 1941 165 2020 est,
199 1936 255 2001 sed
286 1937 376 2001 nulla
403 1937 533 2002 omnine
565 1938 600 2002 in
627 1959 661 2001 re
691 1936 878 2002 minutatim
909 1936 1111 2022 interrogati,

62 2051 89 2091 ιι
102 2025 192 2090 dives
215 2046 347 2108 pauper,
370 2025 475 2090 clarus
494 2026 649 2090 obscurus
668 2025 721 2109 sit,
738 2025 841 2090 multa
858 2047 970 2109 pauca,
992 2045 1111 2110 magna

101 2136 217 2197 parva,
240 2114 341 2197 longa
362 2113 487 2197 brevia,
509 2114 579 2178 lata
603 2118 752 2198 angusta,
776 2118 899 2197 quanto
923 2117 980 2178 aut
1003 2112 1111 2178 addito

102 2206 159 2266 aut
195 2201 327 2285 dempto
359 2204 481 2267 certum
517 2202 780 2286 respondeamus,
818 2203 910 2282 [non]
947 2202 1111 2267 habemus.
1151 2237 1157 2248 ν

101 2290 148 2354 At
178 2287 290 2354 vitiosi
329 2293 404 2355 sunt
442 2290 569 2354 soritae.
628 2287 784 2375 Frangite
828 2289 930 2374 igitur
973 2311 1041 2374 eos,
1083 2289 1111 2354 si
1130 2311 1163 2359 ee

102 2378 253 2461 potestis,
285 2399 327 2442 ne
355 2377 485 2443 molesti
518 2379 597 2459 sint3
629 2381 722 2442 erunt
754 2378 853 2461 enim,
884 2377 949 2442 nisi
981 2379 1110 2442 cavetis.

65 2491 90 2531 ae
104 2464 245 2530 Cautum
268 2469 327 2550 est,
349 2466 462 2550 iuquit
496 2464 608 2530 Placet
627 2465 713 2530 enim
728 2462 922 2548 Chrysippo,
945 2486 1017 2528 cum
1039 2485 1110 2551 gra

104 2553 285 2619 datim't
236 2575 271 2618 ιιι
271 2515 451 2638 teriogetur
477 2554 567 2618 verbi
589 2574 699 2638 eausa,
728 2553 792 2617 tria
814 2573 918 2636 pauca
940 2551 1007 2617 sint
1030 2574 1111 2618 anne

105 2642 215 2726 multa,
239 2641 405 2726 aliquanto
429 2643 517 2726 prius
541 2663 638 2743 quam
657 2641 697 2706 ad
720 2640 823 2705 multa
845 2641 1021 2724 perveniat,
1043 2642 1111 2725 qni-

105 2751 222 2814 escere,
243 2729 349 2794 idt
300 2733 349 2794 est
349 2730 467 2814 ,quod
486 2730 572 2795 ab'
551 2752 591 2795 us
614 2729 740 2814 dicitur,
762 2722 947 2812 ἡσυχάζειν.
980 2727 1042 2794 Per
1060 2750 1112 2793 me

105 2817 156 2883 vel
180 2821 298 2882 stertas
329 2780 420 2902 licet,
450 2818 556 2902 iuquit
578 2815 774 2900 Carneades,
803 2838 870 2881 non
901 2817 998 2882 modo
1026 2818 1112 2901 quie·

68 2931 94 2970 ae
107 2927 186 2971 scas.
218 2903 280 2971 Sed
295 2905 372 2991 quid
384 2867 535 2990 pioficit?
566 2903 719 2990 Sequitur
733 2906 828 2989 enim,
841 2905 956 3068 qui
926 2911 959 2970 te
973 2925 1012 2969 ex
1030 2927 1113 2971 som-

106 3017 148 3060 ιιο
165 2993 235 3058 exei
236 2997 341 3059 ttete
358 2992 470 3059 eodem
493 2993 589 3059 modo
612 2994 824 3078 interroget:
882 3015 923 3058 uo
946 2993 980 3057 in
1003 3014 1112 3058 nume·

107 3105 143 3148 ro
165 3081 362 3165 conticuisti,
394 3082 422 3147 si
452 3081 492 3146 ad
524 3103 596 3147 eum
627 3103 798 3146 numerum
824 3102 924 3146 uuum
938 3073 1113 3164 addidero,

109 3171 188 3235 mult
173 3174 250 3235 tane
272 3133 402 3235 eumll'
441 3169 651 3256 Progrediere
674 3191 795 3253 rursus,
817 3167 923 3252 quoad
945 3161 1113 3233 videbitur.

110 3256 191 3334 Quid
213 3258 328 3344 plura?
350 3258 411 3324 hoc
434 3259 520 3322 enim
542 3258 665 3340 fateris,
686 3279 790 3342 neque
812 3257 963 3322 ultimum
986 3259 1018 3320 te
1036 3278 1113 3340 pan-

73 3372 97 3414 es
111 3367 217 3411 corum
252 3365 355 3431 neque
390 3346 532 3430 primum
567 3309 743 3411 multdrum
778 3344 972 3428 respondere
1010 3366 1113 3428 posse.

112 3433 223 3500 Cuius
221 3435 358 3518 generis
381 3455 470 3499 error
498 3435 547 3498 ita
573 3437 698 3518 manat,
729 3436 856 3497 utnon
878 3431 1018 3516 videam,
1050 3454 1113 3516 quo

111 3544 173 3587 uon
205 3522 311 3607 possit
296 3522 501 3588 t.aocedere
556 3519 649 3588 Nihil
681 3541 732 3585 me
763 3519 873 3602 laedit,
899 3517 1022 3603 inquit,
1053 3539 1113 3605 ego
1132 3538 1168 3587 ee
