2568 3948
120 209 123 216 ⁴
143 235 209 298 216
309 235 358 288 uu
377 233 521 290 numus
541 231 720 287 Beronum
735 233 782 287 ur
801 231 982 288 maenum

142 397 266 462 Eorum
293 397 380 461 enim
407 396 551 462 omnium
579 396 682 459 multa
704 395 1044 478 praetermittentium,
1061 394 1152 459 ‘dum

74 511 83 518 ·
143 485 268 570 eligant
286 484 421 568 aliquid,
439 484 524 568 quod
544 486 734 567 sequentum
755 482 847 566 quasi
865 485 958 546 curta
976 483 1152 565 sententia3
1274 485 1275 488 ’

145 576 179 636 ιι
203 594 279 637 vero
302 573 360 637 illa
381 572 526 655 perlecta
549 574 645 654 atque
667 570 764 654 plena
787 591 910 651 eorum,
937 570 993 653 qui
1016 591 1089 634 cum
1113 570 1152 633 de

143 659 285 724 hominis
309 681 436 740 summo
458 661 543 724 bono
567 661 770 742 quaererent,
792 658 915 721 nullam
938 659 973 721 in
991 679 1030 722 eo
1048 679 1153 741 neque

145 749 245 826 animi
272 771 376 832 neque
403 747 547 832 corporis
575 749 701 829 partem
728 767 864 810 vacuam
891 745 994 810 tutela
1016 745 1180 829 relique-e

92 856 127 903 37
146 841 231 900 runt.
258 834 327 901 Vos
346 839 463 918 autem,
482 833 572 916 (lato,
590 834 667 917 quia
684 834 797 917 virtus,
818 837 855 898 ut
873 848 984 898 omnes
1003 833 1153 916 fatemur,

145 924 341 988 altissimum
368 924 476 989 locum
503 923 538 988 iu
565 922 695 986 homine
719 926 752 985 et
779 921 917 985 maxime
941 921 1150 986 excellentem

144 1015 248 1096 tenet,
277 1015 309 1075 et
336 1011 420 1098 quod
448 1033 515 1089 eos,
544 1010 598 1096 qui
625 1011 787 1094 sapientes
811 1013 900 1093 sunt,
927 1009 1096 1074 absolutos
1120 1013 1155 1074 et

144 1099 303 1182 perfectos
331 1103 497 1182 putamus,
524 1099 628 1163 aciem
660 1098 843 1163 animorum
872 1101 1057 1162 nostrorum
1089 1098 1153 1161 vir-

144 1187 224 1250 tutis
244 1186 412 1269 splendore
432 1207 525 1269 prees
527 1186 682 1270 t.ringitis
718 1185 758 1249 In
777 1186 865 1250 omni
882 1186 980 1261 enim
988 1186 1196 1252 animantem

146 1277 196 1336 est
219 1294 379 1338 summum
402 1274 523 1356 aliquid
546 1277 643 1358 atque
666 1276 723 1357 opt
724 1274 886 1356 imum,u
864 1274 939 1337 ut
930 1295 964 1337 ιιι
987 1273 1090 1358 equis,
1117 1274 1154 1338 in

146 1361 292 1445 canibus,
313 1362 480 1462 quibust
481 1383 622 1427 amane
605 1361 775 1426 etdolore
798 1381 912 1426 vacere
922 1382 1016 1513 opus
1047 1365 1154 1426 estet

145 1448 265 1535 valere3
294 1449 340 1514 sio
366 1450 503 1534 igitur
494 1472 528 1514 ιιι
553 1365 685 1514 homine
712 1447 868 1532 perfectio
893 1449 936 1514 ist
937 1471 957 1512 ι
978 1451 1014 1514 in
1036 1471 1073 1514 eo
1096 1471 1153 1532 po·

145 1537 321 1620 tissimum,
349 1537 434 1621 quod
461 1541 530 1602 est.
539 1538 711 1622 optimum,
738 1537 843 1601 idt
794 1539 843 1601 est
865 1537 900 1602 in
924 1538 1072 1619 virtute,
1085 1538 1152 1601 lau-

145 1625 202 1689 dat
187 1628 250 1689 ι.ιιι
300 1624 414 1709 Itaque
441 1625 522 1691 mihi
548 1647 614 1690 non
642 1625 722 1690 satis
754 1624 908 1691 videmini
940 1587 1197 1709 consitierare,1⁵

145 1714 231 1797 quod
253 1713 316 1777 iter
338 1715 382 1778 sit
403 1717 538 1778 naturae
563 1734 706 1798 quaeque
729 1714 924 1798 progressio
959 1712 1035 1778 Non
1058 1714 1152 1792 enim,

145 1801 229 1884 quod
250 1801 363 1866 feeit
317 1804 389 1866 tm
409 1801 575 1886 frugibus,
596 1806 643 1885 ut,
666 1822 736 1866 cum
756 1801 796 1865 ad
820 1802 951 1884 spicam
967 1764 1154 1884 perduxerit

145 1890 185 1953 ab
217 1889 332 1972 herba,
359 1890 528 1973 ,relinquat
560 1893 593 1953 et
624 1910 683 1972 pro
719 1888 822 1954 nihilo
854 1888 975 1953 habeat
1009 1888 1153 1974 herbam,

97 2049 105 2063 ἱ
144 1975 230 2041 idem
252 1976 333 2042 fa'cit
354 1977 388 2041 in
410 1976 554 2059 homine,
582 1999 655 2042 cum
679 1998 751 2041 eum
775 1976 817 2041 ad
838 1977 975 2042 rationis
1004 1977 1153 2042 habitum

144 2064 303 2147 perduxit.
355 2062 487 2148 Semper
520 2065 605 2128 enim
632 2065 680 2129 ιιι
707 2065 846 2130 assumit
877 2064 1012 2148 aliquid,
1039 2068 1076 2129 ut
1106 2087 1153 2150 ea,
1166 2093 1196 2134 so

92 2171 127 2221 38
146 2173 234 2236 quae·
263 2153 370 2235 prima
406 2152 542 2232 dederit,
573 2174 639 2217 nou
671 2153 807 2217 deserat.
857 2151 972 2236 Itaque
1006 2154 1152 2218 sensibus

144 2239 305 2304 rationem
328 2240 475 2304 adiunxit
503 2243 535 2304 et
557 2241 683 2306 ratione
711 2241 824 2305 effecta
852 2262 964 2306 sensus
991 2263 1057 2306 non
1079 2241 1154 2306 reli·

145 2328 223 2411 quit.
268 2327 315 2392 Ut
337 2329 367 2392 si
388 2329 515 2393 cultura
537 2329 667 2412 vitium,
690 2329 780 2392 cuius
803 2328 866 2394 hoe
889 2350 1005 2392 munus
1028 2334 1091 2412 est,
1117 2334 1154 2394 ut

145 2415 279 2501 efficiat,
311 2419 348 2481 ut
378 2416 455 2481 vitis
487 2438 560 2481 cum
592 2417 742 2482 omnibus
774 2416 921 2500 partibus
948 2417 1021 2482 suis
1055 2439 1153 2501 quam

145 2503 268 2586 optime
288 2526 321 2569 se
340 2504 460 2569 habeat
478 2541 535 2590 -,
558 2505 680 2580 sedsie
700 2505 928 2589 intellegamus
948 2503 1039 2590 (licet
1058 2506 1153 2590 eninr,
1168 2533 1194 2574 ιι

145 2595 182 2654 ut
203 2614 262 2657 vos
286 2594 413 2676 quoque
436 2593 561 2675 soletis,
584 2594 707 2676 fingere
725 2591 848 2676 aliquid
871 2593 1005 2658 docendi
1027 2593 1153 2680 oausa):

146 2679 172 2743 si
195 2679 298 2762 igitur
320 2680 379 2744 illa
402 2681 528 2744 cultura
550 2681 666 2744 vitium
688 2681 722 2744 in
739 2680 806 2745 vite
829 2681 908 2745 insit
930 2681 1016 2765 ipsa,
1039 2686 1155 2766 cetera,

145 2766 254 2850 credo,
273 2767 366 2850 velit,
384 2788 466 2850 quse
484 2767 525 2830 ad
544 2767 710 2832 colendam
729 2768 828 2832 vitem
847 2770 1046 2852 attinebant,
1070 2770 1179 2846 sicut..

145 2857 254 2936 antea,
279 2876 312 2918 se
337 2858 443 2919 autem
467 2855 617 2920 omnibus
635 2856 711 2920 vitis
734 2856 881 2939 partibus
902 2857 1066 2939 praeferat
1088 2860 1153 2922 sta·

145 2945 280 3027 tuatque
307 2942 390 3006 nihil
418 2963 487 3007 esse
515 2943 630 3008 melius
659 2944 693 3008 in
716 2944 783 3008 vite
806 2965 902 3027 quam
926 2965 974 3026 se,
1003 2945 1154 3010 similiter
1167 2973 1196 3014 ao

145 3051 271 3112 sensus,
294 3051 367 3095 cum
386 3030 522 3096 accessit
541 3031 581 3094 ad
598 3035 759 3114 naturam,
777 3035 886 3095 tuetur
904 2995 996 3096 illain
1015 3033 1154 3116 quidem,

145 3118 257 3182 sedt
224 3119 323 3183 etiam
347 3141 381 3182 se
403 3122 525 3202 tuetur3
553 3140 626 3184 cum
654 3123 762 3184 autem
791 3123 960 3203 assumpta
988 3124 1039 3185 est
1060 3121 1155 3205 ratio,

144 3209 236 3272 tanto
248 3207 299 3271 in
326 3207 473 3272 dominat
473 3229 495 3270 u
458 3205 607 3272 ttloca
593 3211 659 3291 tur,
686 3209 724 3271 ut
750 3207 860 3271 omnia
890 3207 948 3271 illa
970 3197 1077 3291 prima
1098 3231 1154 3274 na·

90 3315 125 3363 39
145 3298 236 3360 turae
262 3295 358 3359 huius
387 3299 438 3360 tut
424 3296 509 3360 telae
534 3295 741 3360 subiciantur.
786 3293 900 3378 Itaque
922 3317 988 3360 non
1017 3296 1155 3362 discedit

144 3383 185 3446 ab
209 3404 320 3446 eorum
342 3384 522 3466 curatione,
550 3382 668 3466 quibus
691 3384 878 3466 praeposita
858 3385 1002 3448 avitam
1027 3406 1154 3450 omnem
1168 3412 1195 3452 aa

144 3469 239 3534 debet
267 3471 459 3554 gubernare,
486 3474 524 3534 ut
551 3469 663 3534 mirari
691 3470 770 3534 satis
798 3470 936 3535 istorum
966 3473 1154 3538 inconstan-

143 3558 224 3620 tiam
262 3579 328 3622 non
363 3560 496 3642 possim.
554 3556 749 3622 Naturalem
785 3559 872 3622 euim
909 3561 1154 3646 appetitionem,
