2574 3956
327 203 396 258 LIB.
414 203 448 258 II.
476 201 553 259 OAP.
573 211 620 272 33,
640 210 683 258 34.
710 209 726 270 ξ
746 210 902 260 lot-113.
1056 205 1119 269 165

105 363 229 446 partim
251 385 347 428 cursu
365 368 399 428 et
420 364 647 448 peragratione
669 365 847 449 laetantur,
870 368 1119 452 congregatione

107 451 193 514 aliae
216 455 343 516 coctum
365 452 505 535 quodam
524 451 619 517 modo
641 452 783 517 civitatis
806 455 988 537 imitantur,
1011 455 1095 520 vide·
1121 467 1171 515 110

106 559 180 603 mus
211 539 248 602 in
279 539 417 624 quodam
444 540 623 605 volucrium
650 561 767 626 genere
795 564 861 607 non
882 542 974 607 nulla
1000 542 1119 608 indicia

107 626 256 710 pietatis,
289 627 523 712 cognitionem,
558 629 763 712 memoriam,
799 630 835 694 in
871 629 983 694 multis
1020 632 1119 695 etiam

78 715 268 780 sdesideria
293 715 447 780 videmus.
501 715 591 802 Ergo
618 717 653 780 in
679 716 792 782 bestiis
819 722 913 782 erunt
945 720 1068 782 secreta
1100 741 1119 782 a

107 803 276 886 voluptate
307 803 521 868 humanarum
553 799 710 888 quaedain
745 805 916 870 simulacra
951 806 1118 888 virtutum,

106 891 141 956 in
169 891 249 974 ipsis
277 890 465 956 hominibus
492 891 595 956 virtus
622 893 686 962 nisi
708 893 885 976 voluptatis
909 915 1006 958 eausa
1028 893 1119 958 nulla

108 979 194 1043 erit?
227 982 259 1044 et
291 979 430 1063 homini,
462 979 518 1062 qui
549 981 664 1044 ceteris
697 980 912 1046 animantibus
944 982 1119 1064 plurimum

106 1071 264 1151 praestat,
281 1067 486 1151 praecipuea
503 1072 621 1132 natura
638 1066 723 1131 nihil
743 1068 852 1132 datum
868 1091 937 1134 esse
955 1068 1120 1134 dicemus?
1129 1118 1149 1181 3
1151 1121 1171 1180 4

66 1179 94 1219 ιο
174 1154 245 1220 Nos
258 1176 345 1239 vero,
364 1155 521 1239 siquidem
538 1155 752 1240 inuoluptate
771 1161 847 1221 sunt
865 1157 983 1240 omnia,
1000 1157 1097 1241 longe
1121 1197 1170 1243 111

107 1243 310 1327 multumque
341 1263 529 1327 superamur
560 1265 580 1307 a
610 1243 737 1322 bestiis,
777 1245 893 1329 quibus
925 1246 998 1329 ipsa
1033 1249 1119 1308 terra

108 1330 216 1396 fundit
245 1351 283 1395 ex
315 1351 385 1396 sese
412 1334 525 1414 pastus
552 1331 659 1396 varios
688 1335 783 1417 atque
811 1333 1010 1397 abundantes
1036 1333 1119 1398 nihil

108 1419 349 1502 laborantibus,
372 1419 468 1483 nobis
487 1421 596 1483 autem
618 1424 675 1485 aut
696 1420 749 1484 vix
772 1423 829 1485 aut
849 1441 890 1485 ne
912 1421 967 1486 uix
989 1421 1119 1504 quidem

110 1509 287 1590 suppetunt
304 1507 406 1572 multo
425 1506 535 1571 labore
558 1507 797 1590 quaerentibus.
833 1506 902 1573 Nec
919 1512 1029 1572 tamen
1050 1507 1118 1574 ullo

68 1618 95 1658 15
110 1595 208 1660 modo
232 1616 394 1660 summum
415 1593 547 1678 pecudis
570 1595 692 1659 bonum
716 1599 749 1660 et
768 1595 908 1660 hominis
931 1595 1016 1660 idem
1039 1595 1119 1660 mihi

109 1683 212 1747 videri
233 1685 349 1766 potest.
395 1681 478 1758 Quid
501 1683 587 1747 enim
608 1686 702 1747 tanto
727 1704 808 1765 opus
834 1685 884 1747 est
904 1683 1120 1756 instrumento

110 1770 145 1834 in
167 1770 298 1854 optimis
322 1770 448 1835 artibus
470 1770 720 1854 comparandis?
748 1769 826 1854 quid
846 1773 940 1835 tanto
963 1792 1121 1836 concursu

110 1858 413 1923 honestissimorum
442 1857 635 1942 studiorum,
658 1862 751 1922 tanto
775 1859 932 1924 virtutum
956 1857 1120 1942 comitatu,

110 1947 138 2010 si
162 1968 201 2010 ea
222 1945 347 2011 nullam
370 1946 409 2011 ad
440 1946 539 2011 aliam
565 1967 635 2010 rem
660 1946 725 2011 nisi
753 1945 794 2010 ad
820 1947 1019 2030 voluptatem
1047 1967 1120 2011 con-

70 2060 97 2099 so
111 2033 304 2118 quiruntur‘?
362 2033 422 2117 Ut,
458 2035 486 2098 si
521 2032 657 2118 Xerxes,
694 2056 767 2099 cum
803 2035 903 2099 tantis
939 2033 1096 2098 classibus
1121 2047 1171 2093 112

110 2123 275 2205 tantisque
293 2121 496 2206 equestribus
515 2126 549 2186 ct
566 2122 768 2206 pedestribus
786 2122 887 2205 copiis
905 2121 1119 2205 Hellesponto

110 2211 235 2292 iuncto,
262 2208 391 2275 Athone
418 2209 565 2293 perfosso
593 2211 697 2274 maria
724 2209 970 2294 ambulavisset,
1001 2214 1121 2275 terram

110 2296 311 2382 navigasset,
334 2298 371 2382 si,
389 2319 462 2362 cum
479 2301 571 2362 tanto
591 2299 713 2382 impetu
732 2299 766 2362 in
784 2296 953 2362 Graeciam
971 2299 1121 2381 venisset,

112 2407 241 2450 causam
259 2385 332 2470 quis
352 2406 391 2449 ex
409 2407 447 2450 eo
466 2389 634 2469 quaereret
649 2389 816 2449 tantarum
834 2386 1000 2468 copiarum
1021 2387 1120 2449 tanti·

71 2499 97 2539 25
112 2495 173 2557 que
196 2473 288 2556 belli,
311 2473 374 2536 mel
396 2495 430 2537 se
449 2473 574 2538 auferre
598 2495 636 2538 ex
654 2472 812 2556 Hymetto
831 2473 972 2537 voluisse
992 2472 1121 2556 diceret,

112 2565 198 2626 certe
235 2561 303 2626 sine
340 2582 437 2626 causa
473 2561 632 2626 videretur
669 2562 762 2626 tanta
797 2563 945 2643 conatus,
981 2560 1029 2624 sic
1059 2581 1120 2626 nos

112 2650 290 2733 sapientem
317 2649 466 2732 plurimis
494 2653 527 2713 et
554 2648 755 2733 gravissimis
785 2647 909 2712 artibus
937 2650 1033 2731 atque
1056 2647 1120 2712 vir-

110 2738 237 2802 tutibus
264 2737 458 2802 instructum
485 2741 519 2801 et
546 2739 696 2801 ornatum
718 2757 796 2820 non,
822 2735 988 2818 utillum,
1018 2736 1122 2801 maria

110 2825 246 2910 pedibus
282 2828 524 2909 peragrantem,
560 2823 716 2890 elassibus
755 2828 898 2907 montes,
935 2823 991 2888 scd
1027 2845 1120 2889 omne

71 2940 98 2980 eo
111 2913 236 2978 caelum
267 2916 434 2997 totamque
467 2933 539 2977 eum
571 2913 720 2977 universo
753 2912 835 2976 mari
861 2915 981 2977 terram
1014 2915 1121 2976 mente

111 3001 327 3084 complexum,
366 3000 567 3083 voluptatem
607 3003 716 3083 petere
758 3001 787 3064 si
823 3000 979 3083 dicemus,
1014 2998 1120 3064 mellis

111 3111 209 3154 eausa
232 3088 373 3153 dicemus
395 3091 489 3152 tanta
511 3088 670 3153 molitum.
716 3088 768 3152 Ad
796 3087 914 3152 altiora
941 3087 1097 3170 quaedam
1122 3098 1172 3145 113

111 3181 144 3241 et
166 3175 456 3261 magnificentiora,
476 3175 557 3239 mihi
581 3175 688 3258 crede,
709 3175 885 3260 Torquate,
906 3175 978 3240 nati
1001 3196 1120 3252 sumus,

110 3284 168 3328 nee
191 3264 224 3328 id
247 3286 285 3328 ex
308 3263 408 3328 animi
431 3264 536 3328 solum
558 3263 719 3346 partibus,
746 3265 780 3327 in
808 3263 925 3347 quibus
947 3262 1033 3327 inest
1055 3283 1120 3326 me·

72 3379 98 3418 35
111 3353 215 3417 moria
241 3372 348 3416 rerum
374 3351 670 3433 innumerabilium,
700 3351 736 3414 in
762 3355 795 3415 te
822 3349 950 3434 quidem
982 3349 1120 3432 infinita,

111 3441 196 3506 inest
223 3439 407 3504 coniectura
435 3438 698 3523 consequentium
730 3459 796 3503 non
828 3436 964 3500 multum
997 3435 1120 3502 adivi-

110 3528 242 3594 nationc
269 3527 432 3612 differens,
463 3527 548 3593 inest
576 3525 759 3592 moderator
791 3524 977 3608 cupiditatis
1008 3524 1121 3609 pudor,
