<?xml version="1.0" encoding="UTF-8"?>
<!DOCTYPE html PUBLIC "-//W3C//DTD XHTML 1.0 Transitional//EN"
    "http://www.w3.org/TR/xhtml1/DTD/xhtml1-transitional.dtd">
<html xmlns="http://www.w3.org/1999/xhtml" xml:lang="en" lang="en">
 <head>
  <title>
</title>
<meta http-equiv="Content-Type" content="text/html;charset=utf-8" />
  <meta name='ocr-system' content='tesseract 3.04.00' />
  <meta name='ocr-capabilities' content='ocr_page ocr_carea ocr_par ocr_line ocrx_word'/>
</head>
<body>
  <div class='ocr_page' id='page_1' title='image "./scriptaquaemans00unkngoog_0335.png"; bbox 0 0 2568 3948; ppageno 0'>
   <div class='ocr_carea' id='block_1_1' title="bbox 175 181 986 246">
    <p class='ocr_par' dir='ltr' id='par_1_1' title="bbox 175 181 986 246">
     <span class='ocr_line' id='line_1_1' title="bbox 175 181 986 246; baseline -0.014 1"><span class='ocrx_word' id='word_1_1' title='bbox 175 181 240 246; x_wconf 75' lang='lat'>282</span> <span class='ocrx_word' id='word_1_2' title='bbox 370 182 668 238; x_wconf 83' lang='lat' dir='ltr'><strong><em>TUSCULANARUM</em></strong></span> <span class='ocrx_word' id='word_1_3' title='bbox 684 182 986 238; x_wconf 84' lang='lat' dir='ltr'><strong><em>DISPUTATIONUM</em></strong></span> 
     </span>
    </p>
   </div>
   <div class='ocr_carea' id='block_1_2' title="bbox 123 343 1188 606">
    <p class='ocr_par' dir='ltr' id='par_1_2' title="bbox 123 343 1188 606">
     <span class='ocr_line' id='line_1_2' title="bbox 123 343 697 429; baseline 0.009 -26"><span class='ocrx_word' id='word_1_4' title='bbox 123 357 156 403; x_wconf 83' lang='lat'>10</span> <span class='ocrx_word' id='word_1_5' title='bbox 240 344 281 408; x_wconf 90' lang='lat' dir='ltr'><strong><em>A.</em></strong></span> <span class='ocrx_word' id='word_1_6' title='bbox 308 343 360 408; x_wconf 90' lang='lat' dir='ltr'>Ita</span> <span class='ocrx_word' id='word_1_7' title='bbox 382 366 514 429; x_wconf 84' lang='lat' dir='ltr'>prorsus</span> <span class='ocrx_word' id='word_1_8' title='bbox 539 346 697 410; x_wconf 84' lang='lat' dir='ltr'>existimo.</span> 
     </span>
     <span class='ocr_line' id='line_1_3' title="bbox 240 431 1188 517; baseline 0.002 -21"><span class='ocrx_word' id='word_1_9' title='bbox 240 431 288 496; x_wconf 89' lang='lat' dir='ltr'>M.</span> <span class='ocrx_word' id='word_1_10' title='bbox 310 431 386 515; x_wconf 89' lang='lat' dir='ltr'>Dic,</span> <span class='ocrx_word' id='word_1_11' title='bbox 409 455 541 516; x_wconf 83' lang='lat' dir='ltr'>quaeso:</span> <span class='ocrx_word' id='word_1_12' title='bbox 564 456 643 498; x_wconf 90' lang='lat' dir='ltr'>num</span> <span class='ocrx_word' id='word_1_13' title='bbox 665 439 698 498; x_wconf 87' lang='lat' dir='ltr'>te</span> <span class='ocrx_word' id='word_1_14' title='bbox 716 434 774 499; x_wconf 90' lang='lat' dir='ltr'>illa</span> <span class='ocrx_word' id='word_1_15' title='bbox 796 437 934 517; x_wconf 86' lang='lat' dir='ltr'>terrent,</span> <span class='ocrx_word' id='word_1_16' title='bbox 956 435 1078 516; x_wconf 77' lang='lat' dir='ltr'><strong>triceps</strong></span> <span class='ocrx_word' id='word_1_17' title='bbox 1100 435 1188 517; x_wconf 89' lang='lat' dir='ltr'>apud</span> 
     </span>
     <span class='ocr_line' id='line_1_4' title="bbox 174 518 1188 606; baseline 0.002 -22"><span class='ocrx_word' id='word_1_18' title='bbox 174 520 296 585; x_wconf 87' lang='lat' dir='ltr'>inferos</span> <span class='ocrx_word' id='word_1_19' title='bbox 311 518 478 605; x_wconf 78' lang='lat' dir='ltr'>Cerberus,</span> <span class='ocrx_word' id='word_1_20' title='bbox 497 519 614 606; x_wconf 78' lang='lat' dir='ltr'>Cocyti</span> <span class='ocrx_word' id='word_1_21' title='bbox 631 522 789 606; x_wconf 77' lang='lat' dir='ltr'>fremitus,</span> <span class='ocrx_word' id='word_1_22' title='bbox 808 522 964 586; x_wconf 72' lang='lat' dir='ltr'>travectio</span> <span class='ocrx_word' id='word_1_23' title='bbox 978 521 1188 604; x_wconf 62' lang='lat' dir='ltr'>Acherontis</span> 
     </span>
    </p>
   </div>
   <div class='ocr_carea' id='block_1_3' title="bbox 173 642 1187 730">
    <p class='ocr_par' dir='ltr' id='par_1_3' title="bbox 173 642 1187 730">
     <span class='ocr_line' id='line_1_5' title="bbox 173 642 1187 730; baseline 0.001 -23"><span class='ocrx_word' id='word_1_24' title='bbox 173 642 303 708; x_wconf 80' lang='lat' dir='ltr'>Mento</span> <span class='ocrx_word' id='word_1_25' title='bbox 328 666 508 708; x_wconf 88' lang='lat' dir='ltr'>summam</span> <span class='ocrx_word' id='word_1_26' title='bbox 532 667 678 711; x_wconf 87' lang='lat' dir='ltr'>amnem</span> <span class='ocrx_word' id='word_1_27' title='bbox 701 643 900 730; x_wconf 82' lang='lat' dir='ltr'>attingens</span> <span class='ocrx_word' id='word_1_28' title='bbox 928 649 1088 709; x_wconf 79' lang='lat' dir='ltr'>enectus</span> <span class='ocrx_word' id='word_1_29' title='bbox 1116 645 1187 710; x_wconf 84' lang='lat' dir='ltr'>siti</span> 
     </span>
    </p>
   </div>
   <div class='ocr_carea' id='block_1_4' title="bbox 174 755 1213 871">
    <p class='ocr_par' dir='ltr' id='par_1_4' title="bbox 174 755 1213 871">
     <span class='ocr_line' id='line_1_6' title="bbox 174 755 1213 871; baseline 0 -22"><span class='ocrx_word' id='word_1_30' title='bbox 174 785 351 860; x_wconf 81' lang='lat' dir='ltr'>Tantalus?</span> <span class='ocrx_word' id='word_1_31' title='bbox 374 789 444 852; x_wconf 93' lang='lat' dir='ltr'>tum</span> <span class='ocrx_word' id='word_1_32' title='bbox 467 786 560 871; x_wconf 90' lang='lat' dir='ltr'>illud,</span> <span class='ocrx_word' id='word_1_33' title='bbox 583 785 669 871; x_wconf 89' lang='lat' dir='ltr'>quod</span> <span class='ocrx_word' id='word_1_34' title='bbox 995 755 1007 768; x_wconf 22' lang='grc' dir='ltr'>κ</span> <span class='ocrx_word' id='word_1_35' title='bbox 1201 809 1213 849; x_wconf 85' lang='lat'>5</span> 
     </span>
    </p>
   </div>
   <div class='ocr_carea' id='block_1_5' title="bbox 175 908 1188 1084">
    <p class='ocr_par' dir='ltr' id='par_1_5' title="bbox 175 908 1188 1084">
     <span class='ocr_line' id='line_1_7' title="bbox 770 908 1120 995; baseline -0.003 -21"><span class='ocrx_word' id='word_1_36' title='bbox 770 908 962 995; x_wconf 85' lang='lat' dir='ltr'>Sisyphus</span> <span class='ocrx_word' id='word_1_37' title='bbox 986 914 1120 976; x_wconf 83' lang='lat' dir='ltr'>versat</span> 
     </span>
     <span class='ocr_line' id='line_1_8' title="bbox 175 997 1188 1084; baseline -0.002 -20"><span class='ocrx_word' id='word_1_38' title='bbox 175 997 312 1064; x_wconf 85' lang='lat' dir='ltr'>Saxum</span> <span class='ocrx_word' id='word_1_39' title='bbox 342 1000 482 1066; x_wconf 85' lang='lat' dir='ltr'>sudans</span> <span class='ocrx_word' id='word_1_40' title='bbox 512 997 671 1065; x_wconf 86' lang='lat' dir='ltr'>nitendo</span> <span class='ocrx_word' id='word_1_41' title='bbox 700 1020 822 1083; x_wconf 89' lang='lat' dir='ltr'>neque</span> <span class='ocrx_word' id='word_1_42' title='bbox 851 999 1013 1084; x_wconf 87' lang='lat' dir='ltr'>proficit</span> <span class='ocrx_word' id='word_1_43' title='bbox 1041 999 1188 1064; x_wconf 76' lang='lat' dir='ltr'>hilum?</span> 
     </span>
    </p>
   </div>
   <div class='ocr_carea' id='block_1_6' title="bbox 122 1137 1263 3524">
    <p class='ocr_par' dir='ltr' id='par_1_6' title="bbox 135 1137 1225 1748">
     <span class='ocr_line' id='line_1_9' title="bbox 175 1137 1187 1227; baseline 0.001 -24"><span class='ocrx_word' id='word_1_44' title='bbox 175 1139 314 1205; x_wconf 84' lang='lat' dir='ltr'>fortasse</span> <span class='ocrx_word' id='word_1_45' title='bbox 338 1141 437 1205; x_wconf 87' lang='lat' dir='ltr'>etiam</span> <span class='ocrx_word' id='word_1_46' title='bbox 459 1140 676 1206; x_wconf 85' lang='lat' dir='ltr'>inexorabiles</span> <span class='ocrx_word' id='word_1_47' title='bbox 704 1139 839 1221; x_wconf 89' lang='lat' dir='ltr'>iudices,</span> <span class='ocrx_word' id='word_1_48' title='bbox 865 1138 972 1204; x_wconf 89' lang='lat' dir='ltr'>Minos</span> <span class='ocrx_word' id='word_1_49' title='bbox 1001 1142 1034 1227; x_wconf 90' lang='lat' dir='ltr'>et</span> <span class='ocrx_word' id='word_1_50' title='bbox 1055 1137 1187 1204; x_wconf 84' lang='lat' dir='ltr'>Rhada-</span> 
     </span>
     <span class='ocr_line' id='line_1_10' title="bbox 175 1224 1188 1313; baseline 0 -21"><span class='ocrx_word' id='word_1_51' title='bbox 175 1227 349 1292; x_wconf 80' lang='lat' dir='ltr'>manthus?</span> <span class='ocrx_word' id='word_1_52' title='bbox 378 1228 463 1311; x_wconf 89' lang='lat' dir='ltr'>apud</span> <span class='ocrx_word' id='word_1_53' title='bbox 491 1249 571 1313; x_wconf 87' lang='lat' dir='ltr'>quos</span> <span class='ocrx_word' id='word_1_54' title='bbox 594 1249 653 1292; x_wconf 88' lang='lat' dir='ltr'>nec</span> <span class='ocrx_word' id='word_1_55' title='bbox 679 1231 712 1292; x_wconf 90' lang='lat' dir='ltr'>te</span> <span class='ocrx_word' id='word_1_56' title='bbox 734 1226 769 1292; x_wconf 89' lang='lat' dir='ltr'>L.</span> <span class='ocrx_word' id='word_1_57' title='bbox 794 1224 930 1292; x_wconf 82' lang='lat' dir='ltr'>Crassus</span> <span class='ocrx_word' id='word_1_58' title='bbox 954 1227 1104 1292; x_wconf 86' lang='lat' dir='ltr'>defendet</span> <span class='ocrx_word' id='word_1_59' title='bbox 1126 1250 1188 1292; x_wconf 89' lang='lat' dir='ltr'>nec</span> 
     </span>
     <span class='ocr_line' id='line_1_11' title="bbox 175 1313 1225 1399; baseline 0 -21"><span class='ocrx_word' id='word_1_60' title='bbox 175 1313 217 1378; x_wconf 87' lang='lat' dir='ltr'>M.</span> <span class='ocrx_word' id='word_1_61' title='bbox 240 1314 401 1380; x_wconf 82' lang='lat' dir='ltr'>Antonius</span> <span class='ocrx_word' id='word_1_62' title='bbox 428 1337 501 1398; x_wconf 88' lang='lat' dir='ltr'>nec,</span> <span class='ocrx_word' id='word_1_63' title='bbox 530 1315 683 1399; x_wconf 88' lang='lat' dir='ltr'>quoniam</span> <span class='ocrx_word' id='word_1_64' title='bbox 711 1315 795 1399; x_wconf 89' lang='lat' dir='ltr'>apud</span> <span class='ocrx_word' id='word_1_65' title='bbox 819 1313 960 1381; x_wconf 80' lang='lat' dir='ltr'>Graecos</span> <span class='ocrx_word' id='word_1_66' title='bbox 983 1315 1108 1380; x_wconf 85' lang='lat' dir='ltr'>iudices</span> <span class='ocrx_word' id='word_1_67' title='bbox 1132 1338 1186 1380; x_wconf 89' lang='lat' dir='ltr'>res</span> <span class='ocrx_word' id='word_1_68' title='bbox 1202 1340 1225 1378; x_wconf 85' lang='grc' dir='ltr'>ιι</span> 
     </span>
     <span class='ocr_line' id='line_1_12' title="bbox 175 1402 1188 1488; baseline 0.002 -22"><span class='ocrx_word' id='word_1_69' title='bbox 175 1409 303 1486; x_wconf 84' lang='lat' dir='ltr'>agetur,</span> <span class='ocrx_word' id='word_1_70' title='bbox 321 1403 444 1486; x_wconf 86' lang='lat' dir='ltr'>poteris</span> <span class='ocrx_word' id='word_1_71' title='bbox 463 1402 615 1468; x_wconf 86' lang='lat' dir='ltr'>adhibere</span> <span class='ocrx_word' id='word_1_72' title='bbox 633 1402 886 1488; x_wconf 67' lang='lat' dir='ltr'>Demosthenem</span> <span class='ocrx_word' id='word_1_73' title='bbox 912 1403 974 1467; x_wconf 89' lang='lat' dir='ltr'>tibi</span> <span class='ocrx_word' id='word_1_74' title='bbox 992 1403 1055 1486; x_wconf 85' lang='lat' dir='ltr'>ipsi</span> <span class='ocrx_word' id='word_1_75' title='bbox 1073 1425 1134 1488; x_wconf 82' lang='lat' dir='ltr'>pro</span> <span class='ocrx_word' id='word_1_76' title='bbox 1154 1408 1188 1468; x_wconf 91' lang='lat' dir='ltr'>te</span> 
     </span>
     <span class='ocr_line' id='line_1_13' title="bbox 175 1491 1187 1558; baseline 0.001 -3"><span class='ocrx_word' id='word_1_77' title='bbox 175 1493 237 1555; x_wconf 86' lang='lat' dir='ltr'>erit</span> <span class='ocrx_word' id='word_1_78' title='bbox 250 1493 390 1556; x_wconf 86' lang='lat' dir='ltr'>maxima</span> <span class='ocrx_word' id='word_1_79' title='bbox 404 1514 522 1557; x_wconf 86' lang='lat' dir='ltr'>corona</span> <span class='ocrx_word' id='word_1_80' title='bbox 534 1514 630 1557; x_wconf 86' lang='lat' dir='ltr'>causa</span> <span class='ocrx_word' id='word_1_81' title='bbox 643 1491 786 1556; x_wconf 87' lang='lat' dir='ltr'>dicenda.</span> <span class='ocrx_word' id='word_1_82' title='bbox 808 1491 898 1556; x_wconf 90' lang='lat' dir='ltr'>Haec</span> <span class='ocrx_word' id='word_1_83' title='bbox 911 1491 1050 1556; x_wconf 87' lang='lat' dir='ltr'>fortasse</span> <span class='ocrx_word' id='word_1_84' title='bbox 1065 1494 1187 1558; x_wconf 84' lang='lat' dir='ltr'>metuis</span> 
     </span>
     <span class='ocr_line' id='line_1_14' title="bbox 175 1579 1188 1663; baseline 0.002 -21"><span class='ocrx_word' id='word_1_85' title='bbox 175 1583 208 1644; x_wconf 89' lang='lat' dir='ltr'>ct</span> <span class='ocrx_word' id='word_1_86' title='bbox 234 1579 354 1645; x_wconf 86' lang='lat' dir='ltr'>idcirco</span> <span class='ocrx_word' id='word_1_87' title='bbox 383 1584 519 1646; x_wconf 86' lang='lat' dir='ltr'>mortem</span> <span class='ocrx_word' id='word_1_88' title='bbox 548 1602 658 1645; x_wconf 85' lang='lat' dir='ltr'>censes</span> <span class='ocrx_word' id='word_1_89' title='bbox 686 1601 756 1645; x_wconf 87' lang='lat' dir='ltr'>esse</span> <span class='ocrx_word' id='word_1_90' title='bbox 789 1580 1020 1663; x_wconf 87' lang='lat' dir='ltr'>sempiternum</span> <span class='ocrx_word' id='word_1_91' title='bbox 1052 1579 1188 1644; x_wconf 86' lang='lat' dir='ltr'>malum.</span> 
     </span>
     <span class='ocr_line' id='line_1_15' title="bbox 135 1663 1187 1748; baseline 0.006 -22"><span class='ocrx_word' id='word_1_92' title='bbox 135 1663 155 1726; x_wconf 86' lang='grc'><strong>6</strong></span> <span class='ocrx_word' id='word_1_93' title='bbox 240 1669 281 1732; x_wconf 92' lang='lat' dir='ltr'><strong><em>A.</em></strong></span> <span class='ocrx_word' id='word_1_94' title='bbox 308 1668 441 1733; x_wconf 87' lang='lat' dir='ltr'>Adeone</span> <span class='ocrx_word' id='word_1_95' title='bbox 455 1691 507 1733; x_wconf 91' lang='lat' dir='ltr'>me</span> <span class='ocrx_word' id='word_1_96' title='bbox 521 1669 658 1734; x_wconf 88' lang='lat' dir='ltr'>delirare</span> <span class='ocrx_word' id='word_1_97' title='bbox 672 1689 793 1748; x_wconf 87' lang='lat' dir='ltr'>censes,</span> <span class='ocrx_word' id='word_1_98' title='bbox 811 1671 849 1732; x_wconf 87' lang='lat' dir='ltr'>ut</span> <span class='ocrx_word' id='word_1_99' title='bbox 869 1668 934 1732; x_wconf 89' lang='lat' dir='ltr'>ista</span> <span class='ocrx_word' id='word_1_100' title='bbox 949 1688 1019 1733; x_wconf 88' lang='lat' dir='ltr'>esse</span> <span class='ocrx_word' id='word_1_101' title='bbox 1034 1668 1187 1733; x_wconf 79' lang='lat' dir='ltr'>credam?</span> 
     </span>
    </p>

    <p class='ocr_par' dir='ltr' id='par_1_7' title="bbox 240 1756 1226 1822">
     <span class='ocr_line' id='line_1_16' title="bbox 240 1756 1226 1822; baseline 0 -2"><span class='ocrx_word' id='word_1_102' title='bbox 240 1762 285 1820; x_wconf 90' lang='lat' dir='ltr'><strong><em>M</em></strong></span> <span class='ocrx_word' id='word_1_103' title='bbox 308 1756 362 1821; x_wconf 85' lang='lat' dir='ltr'>An</span> <span class='ocrx_word' id='word_1_104' title='bbox 385 1763 421 1822; x_wconf 89' lang='lat' dir='ltr'>tu</span> <span class='ocrx_word' id='word_1_105' title='bbox 444 1757 523 1822; x_wconf 90' lang='lat' dir='ltr'>haec</span> <span class='ocrx_word' id='word_1_106' title='bbox 545 1778 613 1822; x_wconf 91' lang='lat' dir='ltr'>non</span> <span class='ocrx_word' id='word_1_107' title='bbox 635 1756 759 1822; x_wconf 80' lang='lat' dir='ltr'>credis?</span> <span class='ocrx_word' id='word_1_108' title='bbox 1202 1781 1226 1820; x_wconf 74' lang='grc' dir='ltr'>ιι</span> 
     </span>
    </p>

    <p class='ocr_par' dir='ltr' id='par_1_8' title="bbox 240 1845 552 1912">
     <span class='ocr_line' id='line_1_17' title="bbox 240 1845 552 1912; baseline -0.006 0"><span class='ocrx_word' id='word_1_109' title='bbox 240 1847 282 1912; x_wconf 91' lang='grc' dir='ltr'>Α.</span> <span class='ocrx_word' id='word_1_110' title='bbox 309 1845 443 1911; x_wconf 89' lang='lat' dir='ltr'>Minime</span> <span class='ocrx_word' id='word_1_111' title='bbox 466 1867 552 1910; x_wconf 87' lang='lat' dir='ltr'>vero.</span> 
     </span>
    </p>

    <p class='ocr_par' dir='ltr' id='par_1_9' title="bbox 241 1935 691 2003">
     <span class='ocr_line' id='line_1_18' title="bbox 241 1935 691 2003; baseline 0.007 -4"><span class='ocrx_word' id='word_1_112' title='bbox 241 1941 286 2000; x_wconf 93' lang='lat' dir='ltr'>M.</span> <span class='ocrx_word' id='word_1_113' title='bbox 309 1935 394 2000; x_wconf 83' lang='lat' dir='ltr'>Male</span> <span class='ocrx_word' id='word_1_114' title='bbox 417 1935 546 2001; x_wconf 80' lang='lat' dir='ltr'>hercule</span> <span class='ocrx_word' id='word_1_115' title='bbox 568 1960 691 2003; x_wconf 87' lang='lat' dir='ltr'>narras.</span> 
     </span>
    </p>

    <p class='ocr_par' dir='ltr' id='par_1_10' title="bbox 122 2023 1263 2466">
     <span class='ocr_line' id='line_1_19' title="bbox 240 2023 1263 2110; baseline 0.003 -22"><span class='ocrx_word' id='word_1_116' title='bbox 240 2025 282 2088; x_wconf 95' lang='lat' dir='ltr'><strong><em>A.</em></strong></span> <span class='ocrx_word' id='word_1_117' title='bbox 310 2023 399 2089; x_wconf 81' lang='lat' dir='ltr'>Cur?</span> <span class='ocrx_word' id='word_1_118' title='bbox 421 2047 550 2110; x_wconf 89' lang='lat' dir='ltr'>quaeso.</span> <span class='ocrx_word' id='word_1_119' title='bbox 1262 2103 1263 2108; x_wconf 8' lang='grc' dir='ltr'>γ</span> 
     </span>
     <span class='ocr_line' id='line_1_20' title="bbox 240 2112 1186 2198; baseline 0.011 -24"><span class='ocrx_word' id='word_1_120' title='bbox 240 2118 285 2175; x_wconf 87' lang='lat' dir='ltr'><strong><em>M</em></strong></span> <span class='ocrx_word' id='word_1_121' title='bbox 309 2112 402 2188; x_wconf 80' lang='lat' dir='ltr'>Quia</span> <span class='ocrx_word' id='word_1_122' title='bbox 420 2113 558 2178; x_wconf 85' lang='lat' dir='ltr'>disertus</span> <span class='ocrx_word' id='word_1_123' title='bbox 587 2136 657 2179; x_wconf 88' lang='lat' dir='ltr'>esse</span> <span class='ocrx_word' id='word_1_124' title='bbox 684 2136 826 2198; x_wconf 88' lang='lat' dir='ltr'>possem,</span> <span class='ocrx_word' id='word_1_125' title='bbox 856 2117 885 2180; x_wconf 88' lang='lat' dir='ltr'>si</span> <span class='ocrx_word' id='word_1_126' title='bbox 909 2120 1022 2182; x_wconf 89' lang='lat' dir='ltr'>contra</span> <span class='ocrx_word' id='word_1_127' title='bbox 1048 2118 1114 2183; x_wconf 85' lang='lat' dir='ltr'>ista</span> <span class='ocrx_word' id='word_1_128' title='bbox 1138 2120 1186 2184; x_wconf 89' lang='lat' dir='ltr'>di-</span> 
     </span>
     <span class='ocr_line' id='line_1_21' title="bbox 175 2222 1226 2269; baseline 0.005 -5"><span class='ocrx_word' id='word_1_129' title='bbox 175 2222 287 2265; x_wconf 87' lang='lat' dir='ltr'>cerem.</span> <span class='ocrx_word' id='word_1_130' title='bbox 1200 2231 1226 2269; x_wconf 76' lang='lat' dir='ltr'>ao</span> 
     </span>
     <span class='ocr_line' id='line_1_22' title="bbox 122 2289 1187 2379; baseline 0.001 -21"><span class='ocrx_word' id='word_1_131' title='bbox 122 2312 153 2358; x_wconf 90' lang='lat'>11</span> <span class='ocrx_word' id='word_1_132' title='bbox 240 2291 281 2354; x_wconf 90' lang='lat' dir='ltr'><strong><em>A.</em></strong></span> <span class='ocrx_word' id='word_1_133' title='bbox 314 2289 392 2366; x_wconf 82' lang='lat' dir='ltr'>Quis</span> <span class='ocrx_word' id='word_1_134' title='bbox 422 2290 508 2355; x_wconf 90' lang='lat' dir='ltr'>enim</span> <span class='ocrx_word' id='word_1_135' title='bbox 530 2313 596 2356; x_wconf 92' lang='lat' dir='ltr'>non</span> <span class='ocrx_word' id='word_1_136' title='bbox 623 2291 658 2356; x_wconf 87' lang='lat' dir='ltr'>in</span> <span class='ocrx_word' id='word_1_137' title='bbox 681 2293 749 2358; x_wconf 85' lang='lat' dir='ltr'>eius</span> <span class='ocrx_word' id='word_1_138' title='bbox 773 2294 860 2357; x_wconf 86' lang='lat' dir='ltr'>modi</span> <span class='ocrx_word' id='word_1_139' title='bbox 884 2293 1001 2358; x_wconf 73' lang='lat' dir='ltr'>causa?</span> <span class='ocrx_word' id='word_1_140' title='bbox 1027 2298 1084 2358; x_wconf 89' lang='lat' dir='ltr'>aut</span> <span class='ocrx_word' id='word_1_141' title='bbox 1102 2295 1187 2379; x_wconf 86' lang='lat' dir='ltr'>quid</span> 
     </span>
     <span class='ocr_line' id='line_1_23' title="bbox 173 2377 1186 2466; baseline 0.003 -23"><span class='ocrx_word' id='word_1_142' title='bbox 173 2383 273 2463; x_wconf 84' lang='lat' dir='ltr'>negot</span> <span class='ocrx_word' id='word_1_143' title='bbox 274 2378 298 2442; x_wconf 90' lang='lat' dir='ltr'>ii</span> <span class='ocrx_word' id='word_1_144' title='bbox 322 2382 372 2443; x_wconf 85' lang='lat' dir='ltr'>est</span> <span class='ocrx_word' id='word_1_145' title='bbox 394 2377 473 2443; x_wconf 85' lang='lat' dir='ltr'>haec</span> <span class='ocrx_word' id='word_1_146' title='bbox 496 2383 664 2463; x_wconf 71' lang='lat' dir='ltr'>poetarum</span> <span class='ocrx_word' id='word_1_147' title='bbox 688 2385 724 2446; x_wconf 89' lang='lat' dir='ltr'>et</span> <span class='ocrx_word' id='word_1_148' title='bbox 746 2382 906 2466; x_wconf 86' lang='lat' dir='ltr'>pictorum</span> <span class='ocrx_word' id='word_1_149' title='bbox 933 2386 1086 2466; x_wconf 87' lang='lat' dir='ltr'>portenta</span> <span class='ocrx_word' id='word_1_150' title='bbox 1109 2405 1186 2448; x_wconf 89' lang='lat' dir='ltr'>con-</span> 
     </span>
    </p>

    <p class='ocr_par' dir='ltr' id='par_1_11' title="bbox 172 2467 1261 2884">
     <span class='ocr_line' id='line_1_24' title="bbox 173 2467 323 2532; baseline 0 -2"><span class='ocrx_word' id='word_1_151' title='bbox 173 2467 323 2532; x_wconf 81' lang='lat' dir='ltr'>vincere?</span> 
     </span>
     <span class='ocr_line' id='line_1_25' title="bbox 239 2555 1184 2641; baseline 0.003 -21"><span class='ocrx_word' id='word_1_152' title='bbox 239 2555 287 2620; x_wconf 88' lang='lat' dir='ltr'><strong><em>M</em></strong></span> <span class='ocrx_word' id='word_1_153' title='bbox 311 2557 413 2640; x_wconf 88' lang='lat' dir='ltr'>Atqui</span> <span class='ocrx_word' id='word_1_154' title='bbox 445 2557 533 2641; x_wconf 88' lang='lat' dir='ltr'>pleni</span> <span class='ocrx_word' id='word_1_155' title='bbox 565 2557 641 2622; x_wconf 86' lang='lat' dir='ltr'>libri</span> <span class='ocrx_word' id='word_1_156' title='bbox 674 2561 750 2622; x_wconf 88' lang='lat' dir='ltr'>sunt</span> <span class='ocrx_word' id='word_1_157' title='bbox 781 2563 857 2623; x_wconf 86' lang='lat' dir='ltr'>cont</span> <span class='ocrx_word' id='word_1_158' title='bbox 857 2581 894 2622; x_wconf 89' lang='lat' dir='ltr'>ra</span> <span class='ocrx_word' id='word_1_159' title='bbox 920 2558 1024 2622; x_wconf 84' lang='lat' dir='ltr'>ista</span> <span class='ocrx_word' id='word_1_160' title='bbox 1014 2580 1087 2641; x_wconf 87' lang='lat' dir='ltr'>rpsa</span> <span class='ocrx_word' id='word_1_161' title='bbox 1117 2559 1184 2624; x_wconf 88' lang='lat' dir='ltr'>dis-</span> 
     </span>
     <span class='ocr_line' id='line_1_26' title="bbox 174 2644 1261 2729; baseline 0.003 -22"><span class='ocrx_word' id='word_1_162' title='bbox 174 2645 350 2708; x_wconf 84' lang='lat' dir='ltr'>serentium</span> <span class='ocrx_word' id='word_1_163' title='bbox 373 2644 649 2729; x_wconf 87' lang='lat' dir='ltr'>philosophorum.</span> <span class='ocrx_word' id='word_1_164' title='bbox 1199 2671 1226 2710; x_wconf 71' lang='grc' dir='ltr'>ιι</span> <span class='ocrx_word' id='word_1_165' title='bbox 1259 2655 1261 2688; x_wconf 58' lang='lat'>&#39;¹</span> 
     </span>
     <span class='ocr_line' id='line_1_27' title="bbox 239 2731 1185 2863; baseline 0.004 -67"><span class='ocrx_word' id='word_1_166' title='bbox 239 2733 280 2796; x_wconf 90' lang='lat' dir='ltr'><strong><em>A.</em></strong></span> <span class='ocrx_word' id='word_1_167' title='bbox 307 2731 421 2816; x_wconf 89' lang='lat' dir='ltr'>Inepte</span> <span class='ocrx_word' id='word_1_168' title='bbox 445 2751 541 2798; x_wconf 61' lang='lat' dir='ltr'>sane:</span> <span class='ocrx_word' id='word_1_169' title='bbox 568 2733 646 2810; x_wconf 84' lang='lat' dir='ltr'>Quis</span> <span class='ocrx_word' id='word_1_170' title='bbox 670 2734 756 2798; x_wconf 87' lang='lat' dir='ltr'>enim</span> <span class='ocrx_word' id='word_1_171' title='bbox 779 2738 829 2797; x_wconf 90' lang='lat' dir='ltr'>est</span> <span class='ocrx_word' id='word_1_172' title='bbox 851 2737 919 2798; x_wconf 87' lang='lat' dir='ltr'>tam</span> <span class='ocrx_word' id='word_1_173' title='bbox 943 2755 1063 2812; x_wconf 87' lang='lat' dir='ltr'>excors,</span> <span class='ocrx_word' id='word_1_174' title='bbox 1086 2757 1185 2863; x_wconf 87' lang='lat' dir='ltr'>quem</span> 
     </span>
     <span class='ocr_line' id='line_1_28' title="bbox 172 2811 432 2884; baseline 0 0"><span class='ocrx_word' id='word_1_175' title='bbox 172 2811 239 2884; x_wconf 89' lang='lat' dir='ltr'>ista</span> <span class='ocrx_word' id='word_1_176' title='bbox 261 2821 432 2884; x_wconf 79' lang='lat' dir='ltr'>moveant?</span> 
     </span>
    </p>

    <p class='ocr_par' dir='ltr' id='par_1_12' title="bbox 173 2905 1185 3081">
     <span class='ocr_line' id='line_1_29' title="bbox 240 2905 1185 2994; baseline 0.003 -21"><span class='ocrx_word' id='word_1_177' title='bbox 240 2915 285 2972; x_wconf 90' lang='lat' dir='ltr'><strong><em>M.</em></strong></span> <span class='ocrx_word' id='word_1_178' title='bbox 309 2905 343 2973; x_wconf 78' lang='lat' dir='ltr'>si</span> <span class='ocrx_word' id='word_1_179' title='bbox 366 2930 443 2994; x_wconf 84' lang='lat' dir='ltr'>ergo</span> <span class='ocrx_word' id='word_1_180' title='bbox 467 2909 552 2993; x_wconf 85' lang='lat' dir='ltr'>apud</span> <span class='ocrx_word' id='word_1_181' title='bbox 574 2910 695 2974; x_wconf 84' lang='lat' dir='ltr'>inferos</span> <span class='ocrx_word' id='word_1_182' title='bbox 714 2910 823 2974; x_wconf 87' lang='lat' dir='ltr'>miseri</span> <span class='ocrx_word' id='word_1_183' title='bbox 842 2932 907 2975; x_wconf 93' lang='lat' dir='ltr'>non</span> <span class='ocrx_word' id='word_1_184' title='bbox 931 2914 1020 2994; x_wconf 85' lang='lat' dir='ltr'>sunt,</span> <span class='ocrx_word' id='word_1_185' title='bbox 1042 2932 1082 2974; x_wconf 95' lang='lat' dir='ltr'>ne</span> <span class='ocrx_word' id='word_1_186' title='bbox 1107 2917 1185 2976; x_wconf 86' lang='lat' dir='ltr'>sunt</span> 
     </span>
     <span class='ocr_line' id='line_1_30' title="bbox 173 2997 648 3081; baseline 0.002 -21"><span class='ocrx_word' id='word_1_187' title='bbox 173 2997 301 3081; x_wconf 87' lang='lat' dir='ltr'>quidem</span> <span class='ocrx_word' id='word_1_188' title='bbox 325 2999 409 3081; x_wconf 86' lang='lat' dir='ltr'>apud</span> <span class='ocrx_word' id='word_1_189' title='bbox 433 2998 554 3063; x_wconf 89' lang='lat' dir='ltr'>inferos</span> <span class='ocrx_word' id='word_1_190' title='bbox 580 2997 648 3061; x_wconf 91' lang='lat' dir='ltr'>ulli</span> 
     </span>
    </p>

    <p class='ocr_par' dir='ltr' id='par_1_13' title="bbox 239 3085 1226 3170">
     <span class='ocr_line' id='line_1_31' title="bbox 239 3085 1226 3170; baseline -0.002 -20"><span class='ocrx_word' id='word_1_191' title='bbox 239 3088 339 3151; x_wconf 80' lang='lat' dir='ltr'>At</span> <span class='ocrx_word' id='word_1_192' title='bbox 307 3085 359 3150; x_wconf 86' lang='lat' dir='ltr'>Ita</span> <span class='ocrx_word' id='word_1_193' title='bbox 381 3107 513 3170; x_wconf 89' lang='lat' dir='ltr'>prorsus</span> <span class='ocrx_word' id='word_1_194' title='bbox 536 3086 696 3150; x_wconf 84' lang='lat' dir='ltr'>existimo.</span> <span class='ocrx_word' id='word_1_195' title='bbox 741 3101 745 3120; x_wconf 78' lang='lat'><em>¹</em></span> <span class='ocrx_word' id='word_1_196' title='bbox 1199 3111 1226 3148; x_wconf 86' lang='lat' dir='ltr'>ao</span> 
     </span>
    </p>

    <p class='ocr_par' dir='ltr' id='par_1_14' title="bbox 173 3173 1260 3434">
     <span class='ocr_line' id='line_1_32' title="bbox 239 3173 1260 3260; baseline 0.002 -22"><span class='ocrx_word' id='word_1_197' title='bbox 239 3181 285 3238; x_wconf 92' lang='lat' dir='ltr'>M.</span> <span class='ocrx_word' id='word_1_198' title='bbox 308 3173 374 3238; x_wconf 89' lang='lat' dir='ltr'>Ubi</span> <span class='ocrx_word' id='word_1_199' title='bbox 393 3177 468 3238; x_wconf 87' lang='lat' dir='ltr'>sunt</span> <span class='ocrx_word' id='word_1_200' title='bbox 486 3194 564 3258; x_wconf 82' lang='lat' dir='ltr'>ergo</span> <span class='ocrx_word' id='word_1_201' title='bbox 583 3173 620 3257; x_wconf 92' lang='lat' dir='ltr'>ii,</span> <span class='ocrx_word' id='word_1_202' title='bbox 644 3196 723 3257; x_wconf 89' lang='lat' dir='ltr'>quos</span> <span class='ocrx_word' id='word_1_203' title='bbox 742 3173 879 3240; x_wconf 84' lang='lat' dir='ltr'>miseros</span> <span class='ocrx_word' id='word_1_204' title='bbox 898 3175 991 3259; x_wconf 86' lang='lat' dir='ltr'>dicis,</span> <span class='ocrx_word' id='word_1_205' title='bbox 1011 3179 1068 3240; x_wconf 89' lang='lat' dir='ltr'>aut</span> <span class='ocrx_word' id='word_1_206' title='bbox 1086 3198 1182 3260; x_wconf 86' lang='lat' dir='ltr'>quem</span> <span class='ocrx_word' id='word_1_207' title='bbox 1259 3207 1260 3212; x_wconf 41' lang='lat'>¹</span> 
     </span>
     <span class='ocr_line' id='line_1_33' title="bbox 173 3259 1260 3348; baseline 0.004 -22"><span class='ocrx_word' id='word_1_208' title='bbox 173 3263 280 3328; x_wconf 88' lang='lat' dir='ltr'>locum</span> <span class='ocrx_word' id='word_1_209' title='bbox 312 3262 478 3328; x_wconf 80' lang='lat' dir='ltr'>incolunt?</span> <span class='ocrx_word' id='word_1_210' title='bbox 533 3259 567 3325; x_wconf 81' lang='lat' dir='ltr'>Si</span> <span class='ocrx_word' id='word_1_211' title='bbox 595 3262 680 3326; x_wconf 91' lang='lat' dir='ltr'>enim</span> <span class='ocrx_word' id='word_1_212' title='bbox 708 3267 796 3346; x_wconf 86' lang='lat' dir='ltr'>sunt,</span> <span class='ocrx_word' id='word_1_213' title='bbox 824 3285 984 3348; x_wconf 85' lang='lat' dir='ltr'>nusquam</span> <span class='ocrx_word' id='word_1_214' title='bbox 1016 3286 1087 3328; x_wconf 88' lang='lat' dir='ltr'>esse</span> <span class='ocrx_word' id='word_1_215' title='bbox 1117 3287 1186 3330; x_wconf 90' lang='lat' dir='ltr'>non</span> <span class='ocrx_word' id='word_1_216' title='bbox 1259 3329 1260 3342; x_wconf 61' lang='grc'>,</span> 
     </span>
     <span class='ocr_line' id='line_1_34' title="bbox 173 3354 318 3434; baseline 0 -18"><span class='ocrx_word' id='word_1_217' title='bbox 173 3354 318 3434; x_wconf 80' lang='lat' dir='ltr'>possunt</span> 
     </span>
    </p>

    <p class='ocr_par' dir='ltr' id='par_1_15' title="bbox 238 3439 965 3524">
     <span class='ocr_line' id='line_1_35' title="bbox 238 3439 965 3524; baseline -0.001 -20"><span class='ocrx_word' id='word_1_218' title='bbox 238 3441 279 3504; x_wconf 89' lang='lat' dir='ltr'><strong><em>A.</em></strong></span> <span class='ocrx_word' id='word_1_219' title='bbox 306 3439 378 3524; x_wconf 82' lang='lat' dir='ltr'>Ego</span> <span class='ocrx_word' id='word_1_220' title='bbox 401 3462 477 3505; x_wconf 86' lang='lat' dir='ltr'>vero</span> <span class='ocrx_word' id='word_1_221' title='bbox 500 3461 660 3523; x_wconf 87' lang='lat' dir='ltr'>nusquam</span> <span class='ocrx_word' id='word_1_222' title='bbox 683 3461 753 3505; x_wconf 84' lang='lat' dir='ltr'>esse</span> <span class='ocrx_word' id='word_1_223' title='bbox 776 3439 851 3504; x_wconf 91' lang='lat' dir='ltr'>illos</span> <span class='ocrx_word' id='word_1_224' title='bbox 877 3442 965 3523; x_wconf 89' lang='lat' dir='ltr'>puto.</span> 
     </span>
    </p>
   </div>
   <div class='ocr_carea' id='block_1_7' title="bbox 240 3526 1259 3614">
    <p class='ocr_par' dir='ltr' id='par_1_16' title="bbox 240 3526 1259 3614">
     <span class='ocr_line' id='line_1_36' title="bbox 240 3526 1259 3614; baseline 0 -23"><span class='ocrx_word' id='word_1_225' title='bbox 240 3533 285 3591; x_wconf 91' lang='lat' dir='ltr'>M.</span> <span class='ocrx_word' id='word_1_226' title='bbox 306 3526 412 3612; x_wconf 83' lang='lat' dir='ltr'>Igitur</span> <span class='ocrx_word' id='word_1_227' title='bbox 435 3550 475 3592; x_wconf 92' lang='lat' dir='ltr'>ne</span> <span class='ocrx_word' id='word_1_228' title='bbox 499 3549 569 3594; x_wconf 85' lang='lat' dir='ltr'>esse</span> <span class='ocrx_word' id='word_1_229' title='bbox 593 3527 744 3612; x_wconf 83' lang='lat' dir='ltr'>quidem?</span> <span class='ocrx_word' id='word_1_230' title='bbox 1201 3552 1227 3591; x_wconf 74' lang='lat' dir='ltr'>aa</span> <span class='ocrx_word' id='word_1_231' title='bbox 1258 3565 1259 3614; x_wconf 70' lang='lat' dir='ltr'>j</span> 
     </span>
    </p>
   </div>
   <div class='ocr_carea' id='block_1_8' title="bbox 0 0 1290 3948">
    <p class='ocr_par' dir='ltr' id='par_1_17' title="bbox 0 0 1290 3948">
     <span class='ocr_line' id='line_1_37' title="bbox 0 0 1290 3948; baseline 0 0"><span class='ocrx_word' id='word_1_232' title='bbox 0 0 1290 3948; x_wconf 95' lang='lat' dir='ltr'> </span> 
     </span>
    </p>
   </div>
  </div>
 </body>
</html>
