2552 3966
163 241 207 307 94
328 241 377 298 DE
395 241 540 298 EIN1BUS
558 240 738 296 BONORUM
755 241 803 296 ET
821 239 1004 296 MALORUM

162 404 340 488 quaeritur,
367 404 411 470 sit
437 403 700 488 pulcherrimum.
749 401 882 468 Etenim
910 403 938 467 si
965 402 1175 486 delectamur,

163 513 235 556 cum
259 492 441 570 scribimus,
471 491 543 576 quis
567 493 618 556 est
638 494 708 556 tam
730 490 872 575 invidus,
900 491 955 576 qui
984 491 1026 556 ab
1049 511 1088 555 eo
1111 512 1173 555 nos
1270 561 1271 564 Ἴ

163 579 323 645 abducat?
347 581 398 644 sin
417 580 615 663 laboramus,
639 579 711 663 quis
735 583 798 662 est,
821 579 877 663 qui
896 578 1019 644 alienae
1038 578 1174 643 modum
1270 585 1271 640 ἰ

163 670 287 733 statuat
304 667 503 733 industriae?
538 667 625 732 Nam
643 669 681 732 ut
698 667 911 732 Terentianus
930 664 1084 732 Chremes
1106 688 1175 731 non
1243 673 1271 742 '3

162 756 368 841 inhumanus,
390 755 446 840 qui
468 776 589 822 novum
611 755 753 820 vicinum
774 777 841 821 non
863 755 933 820 vult
1187 779 1204 820 s
1270 753 1271 836 i

214 885 361 953 Fodere
393 891 459 952 adt
483 908 591 951 arare
615 891 681 952 aut
704 887 853 971 a‘liquid
880 887 982 952 ferre
1006 885 1173 972 danique

162 1017 345 1103 (nonenim
368 1020 462 1084 illum
485 1020 527 1085 ab
550 1019 723 1103 industria,
746 1020 802 1084 sed
821 1020 862 1085 ab
880 1019 1036 1085 illiberali
1057 1019 1173 1084 labore

161 1105 329 1193 deterret),
352 1107 399 1172 sic
420 1107 477 1172 isti
500 1108 632 1192 curiosi,
655 1129 736 1192 quos
755 1107 892 1173 offendit
908 1112 1020 1174 noster
1038 1107 1173 1173 minime
1270 1143 1271 1146 ¹

159 1196 255 1262 nobis
278 1195 470 1261 iniucundus
493 1196 594 1262 labor.

121 1253 143 1382 Ξ
226 1283 271 1349 Iis
293 1283 464 1368 igiturest
486 1283 649 1350 difficilius
673 1285 753 1350 satis
776 1285 896 1368 facere,
919 1285 974 1369 qui
997 1305 1032 1351 se
1049 1283 1172 1351 Latina
1180 1308 1216 1364 ,ro

162 1372 282 1456 scripta
310 1372 421 1438 dicunt
447 1377 662 1439 contemnere.
714 1372 754 1438 In
786 1373 902 1457 quibus
933 1372 1000 1438 hoc
1026 1373 1170 1456 primum

160 1464 211 1525 est
247 1461 282 1526 in
313 1482 376 1544 quo
405 1461 556 1544 admirer,
588 1483 645 1526 cur
672 1461 707 1526 iu
738 1461 940 1546 gravissimis
974 1461 1070 1526 rebus
1101 1484 1171 1528 non

160 1548 299 1614 delectet
325 1570 380 1615 eos
409 1570 514 1614 sermo
540 1550 679 1633 patrius,
711 1571 783 1614 cum
814 1549 913 1615 iidem
944 1549 1080 1614 fabellas
1108 1550 1170 1616 La·

159 1636 246 1702 tinas
266 1637 307 1702 ad
324 1638 460 1702 verbum
477 1659 495 1702 e
510 1636 642 1702 Graecis
661 1659 829 1722 expressas
847 1660 914 1704 non
931 1637 1028 1702 inviti
1046 1638 1170 1722 legant.

160 1723 238 1800 Quis
266 1726 351 1793 enim
378 1729 447 1791 tam
473 1725 621 1791 inimicus
650 1747 754 1810 paene
778 1727 904 1792 nomini
929 1725 1077 1792 Romano
1109 1729 1168 1810 est,
1184 1749 1214 1791 rs

160 1815 215 1898 qui
236 1813 336 1880 Ennii
357 1813 504 1879 Medeam
528 1817 585 1879 aut
606 1813 783 1898 Antiopam
800 1812 934 1881 Pacuvii
957 1817 1088 1898 spernat
1111 1820 1172 1880 aut

158 1901 284 1986 reiciat,
321 1902 407 1986 quod
445 1923 479 1966 se
515 1901 630 1966 iisdem
660 1901 825 1986 Euripidis
856 1901 976 1969 fabulis
1014 1902 1169 1969 delectari

160 1988 258 2073 dicat,
284 1989 419 2056 Latinas
448 1989 573 2054 litteras
601 1989 726 2055 oderit?
764 1989 988 2075 ,Synephebos
1018 2011 1093 2077 ego,
1120 1993 1168 2057 in·

160 2077 238 2161 quit,
261 2077 369 2160 potius
383 2075 515 2142 Caecilii
534 2080 591 2142 aut
603 2077 762 2142 Andriam
776 2078 919 2144 Terentii
933 2101 1030 2163 quam
1044 2084 1166 2145 utram·
1271 2079 1272 2086 '

124 2183 139 2234 5
160 2187 220 2249 que
238 2163 408 2232 Menandri
426 2165 556 2250 legam?
595 2165 626 2230 A
649 2166 766 2251 quibus
785 2169 913 2232 tantum
932 2167 1097 2252 dissentio,
1120 2174 1166 2254 ut,
1181 2191 1211 2232 so

159 2274 232 2318 cum
255 2251 430 2336 Sophocles
453 2254 504 2319 vel
527 2254 651 2337 optimc
669 2255 836 2338 scripserit
857 2254 1032 2339 Electram,
1055 2259 1167 2323 tamen

158 2341 243 2408 male
266 2363 454 2408 conversam
476 2341 571 2406 Atilii
593 2343 674 2407 mihi
696 2342 865 2428 legendam
887 2346 1011 2427 putem,
1039 2343 1079 2408 de
1101 2368 1166 2430 quo
1270 2389 1272 2426 5

157 2429 301 2496 Licinus:
343 2428 540 2496 ‘Ferreum
576 2431 838 2514 scriptorem'l
875 2453 1000 2515 verum,
1042 2433 1167 2518 opinor,

159 2520 347 2603 scriptorem
370 2523 492 2603 tamen,
515 2522 552 2584 ut
573 2519 728 2604 legendus
751 2519 803 2585 sit.
837 2519 963 2585 Rudem
986 2520 1072 2586 enim
1095 2543 1166 2587 esse

158 2609 288 2672 omnino
315 2608 350 2672 in
384 2609 505 2674 nostris
531 2608 639 2691 politis
671 2610 729 2672 aut
758 2608 974 2674 inertissimae
1007 2610 1166 2694 segnitiae
1179 2631 1207 2673 aa

158 2697 208 2758 est
231 2698 288 2759 aut
309 2693 435 2761 fastidii
457 2695 688 2760 delicatissimi.
724 2695 808 2760 Mihi
830 2696 959 2781 quidem
978 2697 1061 2762 nulli
1084 2699 1166 2764 satis

158 2782 277 2847 eruditi
299 2783 460 2868 videntur,
483 2783 599 2868 quibus
621 2787 735 2850 nostra
758 2784 871 2870 ignota
894 2789 978 2852 sunt.
1022 2785 1076 2851 An

223 2913 380 2980 Utinam
402 2935 447 2979 ne
471 2915 509 2979 in
529 2935 694 2987 nemore.
699 2964 795 2982 .....

156 3047 259 3112 nihilo
282 3047 389 3111 minus
412 3047 550 3131 legimus
573 3069 671 3132 quam
692 3048 754 3114 hoc
775 3048 861 3114 idem
884 3047 1055 3136 Graecum,
1081 3072 1165 3136 quas

157 3138 266 3201 autem
288 3135 327 3200 de
350 3135 432 3200 bene
456 3136 610 3220 beateque
633 3123 770 3209 visendo
794 3160 813 3203 a
835 3136 974 3204 Platone
999 3140 1165 3224 disputata
1178 3160 1204 3201 aa

122 3227 246 3309 esunt,
273 3223 353 3288 haec
381 3223 534 3308 explicari
560 3245 627 3289 non
653 3224 795 3309 placebit
821 3224 959 3292 Latine?
1011 3227 1107 3311 Quid,
1136 3229 1165 3294 si

155 3334 215 3378 nos
242 3333 307 3377 nou
339 3311 552 3397 interpretum
579 3312 744 3398 fungimur
771 3334 916 3399 munere,
948 3315 1004 3380 sed
1035 3321 1164 3382 tuemur

157 3421 208 3478 ea,
240 3421 321 3484 quae
352 3400 440 3466 dicta
466 3404 543 3465 sunt
570 3401 611 3466 ab
638 3400 694 3485 iis,
725 3422 805 3484 quos
831 3403 1020 3487 probamus,
1054 3405 1164 3490 eisque
1270 3477 1271 3480 Ἴ

155 3489 303 3552 nostrum
330 3488 484 3553 iudicium
512 3490 545 3552 et
572 3491 722 3554 nostrum
749 3489 910 3555 scribendi
933 3491 1078 3557 ordinem
1108 3493 1164 3558 ad-

155 3574 340 3659 iungimus?
372 3575 449 3658 quid
479 3574 613 3660 habent,
644 3598 701 3642 cur
732 3575 855 3643 Graeca
886 3582 1084 3664 anteponant
1113 3581 1164 3666 iis,
1177 3609 1201 3653 aa
