2564 3950
325 204 392 258 LIB.
412 205 459 258 III.
488 205 564 260 CAP.
586 211 706 259 11-13.
734 209 749 270 5
768 211 888 260 39-44.
1051 207 1114 270 187

107 367 282 431 discrimen
294 366 437 448 adduxit,
455 369 626 450 propterea
644 367 729 450 quod
747 387 891 451 pugnare
911 389 977 434 non
991 369 1117 434 destitit

107 455 142 519 in
169 455 260 518 omni
287 453 348 517 hac
371 455 572 538 quaestione,
602 475 685 538 quae
708 454 747 518 de
770 455 863 518 bonis
888 459 920 520 et
942 457 1036 520 malis
1059 479 1114 540 ap-

106 541 258 624 pelletur,
276 563 343 607 non
360 563 430 606 esse
448 561 554 606 rerum
572 541 689 606 Stoicis
709 563 781 607 curn
797 541 1022 626 Peripateticis
1040 565 1114 609 con·
1277 613 1278 616 ,

106 630 314 711 troversiam,
337 629 393 693 sed
415 631 592 694 nominum.
627 628 710 693 Mihi
729 633 837 694 autem
855 630 937 694 nihil
955 635 1023 694 tam
1045 647 1115 716 per·
1277 659 1278 716 3

79 719 255 801 sepianum
282 717 422 796 videtur,
452 739 550 802 quarn
576 717 636 782 has
665 719 842 782 sententias
869 739 980 783 eorum
1008 719 1113 802 plrilo·

106 805 284 889 sophorum
311 827 346 870 re
372 805 457 870 inter
484 827 518 869 ae
545 805 650 890 magis
677 827 775 890 quam
807 807 915 870 verbis
944 806 1115 888 dissidere3

106 893 264 958 maiorem
291 893 394 958 multo
420 893 507 958 inter
534 891 659 958 Stoicos
687 897 722 956 et
746 894 981 976 Peripateticos
1007 915 1114 959 rerum
1277 903 1278 984 l

107 1003 178 1046 ease
206 983 259 1045 aio
287 981 536 1064 discrepantiam
564 1001 660 1064 quam
687 981 872 1064 verborum,
898 983 1114 1066 quippenam

106 1068 315 1152 Peripatetici
334 1069 451 1151 omnia,
473 1089 556 1152 quae
573 1069 639 1152 ipsi
657 1069 743 1133 bona
760 1069 934 1153 appellant,
952 1071 1114 1154 pertinere

65 1183 92 1222 ιο
106 1157 216 1222 dicant
238 1156 280 1220 ad
302 1157 396 1220 beate
418 1155 601 1239 vivendum,
624 1156 730 1221 nostri
751 1179 817 1221 non
839 1179 879 1222 ex
902 1158 1005 1240 omni,
1030 1157 1115 1244 quod

106 1245 334 1315 aestimatione
348 1243 458 1328 aliqua
475 1243 610 1328 dignum
624 1245 677 1328 sit,
694 1245 849 1329 compleri
862 1246 965 1310 vitam
984 1247 1113 1311 beatam

105 1336 231 1416 putent.
1200 1353 1208 1360 ’

172 1420 226 1484 Au
264 1439 340 1485 vero
381 1421 498 1486 certirm
538 1420 710 1504 quicquam
755 1424 866 1504 potest
905 1443 977 1486 esse
1017 1443 1114 1506 quam
1128 1385 1167 1509 14}

104 1509 235 1573 illorum
266 1508 407 1590 ratione,
437 1508 494 1592 qui
525 1507 668 1573 dolorem
694 1509 728 1572 in
756 1509 850 1574 malis
877 1514 1017 1592 ponunt,
1048 1531 1114 1575 non

66 1621 93 1662 15
106 1617 203 1678 posse
226 1597 406 1680 sapientem
428 1596 560 1660 beatum
578 1615 662 1678 esse,
684 1617 758 1660 cum
776 1597 884 1660 eculeo
901 1597 1114 1680 torqueatur?
1187 1631 1191 1637 ·
1277 1599 1278 1674 l

105 1683 229 1748 Florum
244 1676 247 1690 ’
261 1688 385 1764 autem,
421 1685 476 1767 qui
515 1683 659 1748 dolorem
694 1683 730 1747 in
761 1684 855 1748 malis
887 1705 953 1749 non
984 1684 1114 1768 habent,
1277 1683 1278 1760 l

106 1773 191 1836 ratio
214 1775 300 1836 carte
318 1771 420 1856 cogit,
442 1775 479 1836 ut
497 1771 532 1835 in
550 1771 697 1836 omnibus
715 1771 887 1836 tormentis
908 1777 1115 1838 conservetur
1277 1763 1278 1846 l

106 1861 205 1924 beata
222 1861 290 1924 vita
313 1859 461 1942 sapienti.
497 1857 629 1924 Etenim
647 1859 676 1924 si
699 1859 826 1924 dolores
849 1859 978 1924 eosdem
998 1861 1113 1924 tolera·
1277 1853 1278 1898 ἶ

106 1947 204 2012 bilius
226 1948 406 2031 patiuntur,
432 1947 489 2030 qui
516 1947 681 2030 excipiunt
703 1968 758 2012 eos
785 1969 844 2031 pro
867 1947 988 2031 patria,
1017 1969 1113 2033 quam

65 2063 92 2102 ro
105 2036 162 2120 qui
188 2037 308 2100 leviore
324 2035 376 2100 'de
401 2055 511 2118 causa,
538 2036 649 2118 opinio
675 2033 769 2118 facit,
795 2057 862 2100 non
887 2039 1017 2117 natura,
1046 2037 1113 2100 vim
1277 2091 1278 2096 ,

106 2125 228 2188 doloris
252 2127 309 2188 aut
331 2123 488 2187 maiorem
511 2127 568 2186 aut
591 2124 757 2188 minorem.
801 2123 852 2188 Ne
880 2123 962 2188 illud
984 2123 1112 2208 quidem
1131 2147 1164 2194 43
1277 2149 1278 2154 ¹

105 2215 157 2276 est
183 2214 446 2293 consentaneum,
476 2214 526 2294 ut,
553 2211 594 2293 si,
623 2211 696 2275 cum
722 2211 787 2276 tria
815 2231 933 2296 genera
956 2213 1114 2276 bonorum
1171 2249 1172 2254 κ

106 2300 187 2381 siut,
214 2319 297 2383 quae
324 2299 487 2364 sententia
513 2303 563 2363 est
588 2299 892 2384 Peripateticorum,
919 2321 957 2364 eo
976 2300 1114 2364 'beatior

106 2389 241 2472 quisque
260 2387 312 2469 sit,
328 2409 392 2471 quo
412 2387 456 2450 sit
474 2387 618 2470 corporis
636 2392 694 2451 aut
710 2387 850 2451 externis
868 2385 962 2451 bonis
981 2387 1114 2470 plenior,

65 2502 92 2542 se
106 2480 143 2540 ut
174 2475 236 2540 hoc
267 2474 352 2540 idem
382 2474 625 2558 approbandum
652 2475 697 2538 sit
722 2475 830 2558 nobis,
857 2477 909 2557 ut,
936 2474 991 2557 qui
1020 2475 1114 2558 plura

45 2593 48 2600 ·
106 2563 227 2627 habeat
253 2585 304 2646 ea,
331 2564 476 2646 quaein
507 2583 642 2646 corpore
670 2561 781 2646 magni
809 2562 1037 2644 aestimantur,
1069 2562 1113 2626 sit
1236 2603 1239 2610 -

107 2651 242 2714 beatior.
286 2650 341 2715 llli
363 2651 448 2714 enirn
471 2650 614 2734 corporis
637 2649 815 2714 commodis
834 2650 989 2733 compleri
1010 2651 1113 2714 vitam

107 2739 237 2802 beatam
267 2742 398 2822 putant,
428 2730 532 2803 nostri
563 2737 645 2802 nihil
677 2738 793 2802 minus
847 2737 933 2803 Nam
963 2759 1034 2802 cum
1066 2739 1114 2802 ita

105 2826 248 2909 placeat,
274 2847 315 2890 ne
342 2847 453 2890 eorum
481 2825 610 2909 quidem
637 2827 809 2909 bonorum,
835 2847 917 2910 quae
943 2847 1004 2891 nos
1027 2827 1113 2891 bona

66 2937 93 2981 so
106 2935 179 2978 vere
202 2914 414 2998 appellemus,
437 2913 619 2996 frequentia
641 2913 820 2978 beatiorem
840 2914 942 2978 vitam
964 2913 1033 2977 fieri
1057 2917 1114 2977 aut

107 3003 211 3087 magio
247 3001 459 3084 expetendam
495 3005 553 3065 aut
594 3001 697 3084 pluris'
738 3001 986 3085 aestimandam,
1026 3005 1113 3064 certe

106 3090 213 3155 minus
245 3089 286 3153 ad
312 3090 441 3154 beatam
470 3090 571 3154 vitam
597 3090 740 3172 pertinet
766 3089 938 3154 multitudo
968 3088 1112 3172 corporis

106 3177 357 3266 commodorum.
406 3177 551 3260 Etenim,
578 3178 607 3241 si
633 3181 668 3242 et
695 3197 807 3260 sapere
835 3175 1047 3260 expetendum
1071 3174 1114 3239 sit
1132 3198 1167 3246 44

106 3269 139 3330 et
166 3267 286 3349 valere,
319 3265 526 3331 coniunctum
559 3268 730 3349 utrumque
762 3265 867 3349 magis
899 3263 1114 3346 expetendum

66 3377 92 3419 aa
105 3355 149 3419 sit
175 3375 274 3438 quam
302 3374 415 3436 sapere
442 3353 561 3436 solum,
592 3373 697 3438 neque
721 3357 850 3433 xtamen,
882 3352 911 3414 si
941 3354 1113 3434 utramque

106 3443 150 3507 sit
172 3441 398 3507 aestimatione
422 3441 568 3526 dignum,
594 3441 698 3523 pluris
721 3440 765 3504 sit
788 3440 993 3503 coniunctum
1016 3459 1113 3521 quam
1149 3510 1152 3515 ,

106 3551 219 3614 sapere
241 3530 349 3612 ipsum
372 3528 555 3612 separatim.
590 3527 676 3592 Nam
699 3528 755 3611 qui
777 3525 995 3589 valetudinem
1018 3526 1113 3592 aesti-
