2564 3950
135 231 212 295 316'
330 230 629 286 TUSCULANARUM
647 231 949 288 DISPUTATIONUM

135 395 278 460 omnium
313 415 420 458 rerum
452 393 666 459 humanarum
699 394 938 477 contemptione
970 414 1007 458 ac
1039 395 1148 478 despi-

135 483 253 548 cientia
276 483 340 547 et
331 505 365 546 m
389 482 477 548 omni
499 483 619 547 virtute
638 503 809 565 ponamus.
854 479 940 546 Nam
961 503 1047 546 nunc
1076 483 1149 567 qui

135 570 207 635 dem
239 571 364 656 cogitat
349 571 494 636 tionibus
527 571 726 636 mollissimis
759 569 994 653 effeminamur,
1034 575 1084 650 ut,
1118 572 1148 636 si

136 663 211 723 ante
230 680 317 724 mors
337 659 499 742 adventet,
518 660 616 744 quam
635 655 871 723 Chaldaeorum
889 659 1052 742 promissa
1071 681 1148 724 con·
1262 723 1270 744 Ι,

136 749 239 812 secuti
259 769 382 825 sumus,
401 747 533 830 spoliati
552 747 679 831 magnis
699 746 892 830 quibusdam
914 747 1021 829 bonis,
1045 746 1176 813 inlusis

83 857 117 907 ee
137 836 347 920 destitutique
374 836 547 900 videamur.
602 834 724 912 Quodsi
756 835 971 918 exspectando
999 839 1032 899 et
1062 836 1149 900 desi-

137 923 278 989 derando
305 925 481 1008 pendemus
510 923 640 1005 animis,
672 922 865 1005 cruciamur,
893 924 1056 1007 angimur,
1086 945 1149 1008 pro

137 1013 170 1077 di
197 1013 398 1078 inmortales!
426 1034 523 1097 quam
551 1011 631 1076 illud
656 1012 718 1075 iter
747 1011 919 1076 iucundum
947 1033 1017 1076 esse
1041 1010 1149 1090 debet,

136 1122 199 1185 quo
223 1100 370 1166 confecto
394 1101 486 1165 nulla
508 1101 631 1186 reliqua
654 1121 742 1181 cura,
769 1101 861 1164 nulla
884 1098 1067 1165 sollicitudo
1097 1101 1147 1164 su·

136 1195 211 1252 tura
234 1190 289 1253 sit!
327 1188 431 1265 Quam
454 1209 504 1252 me
527 1187 666 1252 delectat
686 1187 916 1252 Theramenes!
939 1209 1035 1271 quam
1058 1189 1146 1253 elato
1163 1214 1190 1253 ro

137 1278 243 1342 animo
272 1279 334 1341 est!
380 1276 454 1340 Etsi
482 1277 568 1340 enim
594 1276 721 1356 flemus,
753 1297 826 1340 cum
853 1277 1004 1360 legimus,
1035 1280 1144 1342 tamen

135 1387 203 1430 non
225 1365 454 1430 miserabiliter
476 1364 526 1429 vir
548 1365 653 1430 clarus
677 1364 842 1429 emoritur.
887 1363 950 1440 Qui
976 1385 1048 1428 eum
1071 1387 1146 1430 con-

136 1456 237 1518 iectus
261 1454 295 1518 in
314 1473 474 1518 carcerem
492 1453 629 1538 triginta
649 1453 739 1518 iussu
757 1457 969 1538 tyrannorum
987 1473 1146 1518 venenum

136 1547 173 1607 ut
196 1542 309 1607 sitiens
334 1542 534 1624 obduxisset,
557 1542 716 1626 reliquum
738 1542 784 1606 sic
807 1565 824 1610 e
847 1543 961 1626 poculo
984 1541 1086 1620 eiecit,
1108 1547 1147 1606 ιιι

136 1631 169 1695 id
192 1634 359 1696 resonaret
365 1652 460 1715 ,quo
484 1592 594 1696 soiritu
616 1630 740 1695 reddito
765 1630 912 1694 adridens
936 1592 1147 1714 ‘Propiiro',
1162 1655 1190 1696 ιι

136 1720 254 1804 inquit,
285 1681 374 1784 ‘hod
404 1719 566 1802 pulchro
594 1717 758 1783 Critiae'
764 1719 855 1803 ,qui
881 1718 1012 1783 ineum
1039 1719 1147 1783 fuerat

136 1807 349 1872 taeterrimus
400 1807 516 1872 Graeci
543 1808 629 1872 enim
655 1808 691 1872 ιἰι
714 1807 878 1871 conviviis
910 1799 1015 1872 solent
1043 1808 1147 1872 nomi·

137 1917 227 1979 nare,
255 1897 307 1961 cui
333 1896 485 1978 poculum
512 1896 613 1960 tradit
598 1896 664 1960 turi
688 1895 763 1960 sint.
740 1893 901 1958 tLusit
922 1896 972 1959 vir
995 1896 1146 1980 egregius

138 1987 281 2049 extremo
297 1984 423 2067 spiritu,
437 2005 508 2047 cunr
518 1985 583 2048 iam
598 1982 795 2067 praecordiis
805 1988 992 2067 conceptam
1007 1989 1147 2049 mortem

138 2072 330 2153 contineret,
353 2093 490 2155 vereque
509 2072 552 2154 ei,
576 2072 627 2135 cui
646 2093 804 2136 venenum
822 2072 1038 2156 praebiberat,
1061 2091 1146 2137 mor·
1161 2098 1190 2136 ao

137 2162 204 2222 tem
237 2181 308 2222 eam
340 2165 391 2222 est
423 2162 617 2262 auguratus„
647 2180 729 2243 quae
761 2160 852 2225 brevi
884 2167 1056 2225 consecuta
1088 2166 1148 2226 est.

33 2290 38 2298 ·
85 2268 118 2314 ιι
139 2246 218 2322 Quis
245 2246 330 2310 hane
358 2247 491 2310 maximi
519 2247 619 2312 animi
647 2248 884 2330 aequitatem
874 2271 909 2312 ιιι
940 2269 1012 2312 ιιι
1042 2254 1147 2314 morte

138 2334 299 2411 laudaret,
329 2335 355 2397 si
378 2339 516 2399 mortem
539 2336 661 2399 malurn
689 2335 846 2400 iudicaret
851 2335 867 2399 2
831 2339 912 2417 tt
935 2271 1035 2400 tladit
1021 2337 1147 2400 tanim

138 2424 173 2486 in
205 2421 339 2486 eundem
371 2444 530 2487 carcerem
563 2423 703 2507 atque
693 2445 729 2488 ιιι
761 2423 893 2488 eundem
929 2425 1040 2507 paucis
1072 2429 1148 2507 post

139 2511 232 2575 annis
256 2511 415 2593 scyphum
438 2510 587 2575 Socrates
611 2512 723 2576 eodem
751 2512 871 2575 scelere
900 2509 1056 2594 iudicum,
1084 2533 1147 2596 quo
1162 2537 1188 2578 aa

138 2603 350 2683 tyrannorum
373 2599 599 2664 Theramenes.
641 2599 730 2674 Quae
753 2603 804 2664 est
825 2601 926 2684 igitur
945 2601 1012 2664 eius
1032 2601 1149 2684 oratio,

139 2709 203 2770 qua
229 2687 309 2751 facit
336 2708 409 2750 eum
436 2686 529 2752 Plato
557 2709 650 2751 usum
678 2687 763 2771 apud
792 2687 913 2752 iudices
945 2688 1010 2752 iam
1036 2695 1148 2752 'morte

114 2773 335 2846 multatum?

84 2831 126 2931 dl
206 2861 343 2963 ‘Magna
361 2862 427 2926 me'
429 2863 599 2948 ,inquit
607 2883 680 2946 spes
699 2865 797 2946 tenet,
815 2863 945 2946 iudices,
965 2863 1048 2928 bene
1068 2864 1147 2928 mihi

138 2951 276 3033 evenire,
304 2951 389 3036 quod
417 2914 531 3016 ririttar
558 2951 599 3016 ad
625 2955 771 3015 mortem.
816 2949 1034 3016 Necesset
984 2955 1034 3016 ιιι
1061 2953 1147 3017 enim
1162 2977 1189 3018 ao

138 3039 182 3102 sit
205 3039 252 3102 alt
238 3043 344 3103 terum
367 3039 406 3102 de
429 3039 567 3142 ductae,
594 3042 632 3104 ιιι
658 3043 716 3104 ιιι
742 3060 854 3103 sensus
881 3039 1012 3105 omnino
1036 3061 1147 3106 omnes

138 3147 225 3191 mors
256 3127 381 3191 auferat
368 3129 506 3192 taut
497 3149 532 3192 ιιι
562 3128 662 3192 alium
694 3127 855 3212 quendam
886 3128 994 3193 locum
1025 3147 1064 3193 er
1095 3128 1147 3192 his

137 3214 218 3280 locis
241 3219 345 3280 morte
368 3215 487 3300 migret
488 3237 536 3280 ur
571 3215 676 3292 Quam
699 3216 741 3281 ob
765 3235 846 3299 rem,
869 3215 936 3280 sive
960 3237 1072 3281 sensus
1096 3239 1148 3281 ex·
1226 3271 1230 3280 .

137 3303 299 3388 tinguitur
322 3324 472 3406 morsque
496 3304 526 3367 ei
545 3326 659 3368 somno
681 3303 797 3367 similis
817 3307 880 3386 est,
902 3305 1040 3388 quinon
1057 3325 1149 3369 num·

137 3413 234 3475 quam
248 3391 381 3455 etiam
356 3413 424 3455 sino
434 3392 513 3455 visis
525 3393 723 3457 somniorum
737 3391 991 3475 placatissimam
1006 3394 1147 3478 quietem
1162 3417 1188 3458 ιι

138 3479 256 3562 adfert,
279 3479 312 3542 di
335 3479 425 3556 boni,
448 3480 524 3564 quid
547 3480 628 3545 lucri
647 3484 696 3544 est
715 3480 830 3544 emori!
855 3484 912 3544 aut
935 3501 1031 3564 quam
1053 3481 1149 3545 multi

138 3565 206 3630 dies
229 3567 364 3648 reperiri
386 3571 537 3650 possunt,
560 3568 614 3651 qui
637 3568 698 3633 tali
718 3567 806 3631 nocti
825 3569 1149 3653 anteponantur,.cui
