2552 3966
154 221 196 285 68
409 219 702 274 AOADEMICORUM
719 219 887 274 PRIORUM
1268 257 1269 314 ,

154 384 210 448 fiet
225 381 372 448 artibus?
402 382 548 458 Quibus?
571 383 663 466 iisne,
682 403 762 466 quae
776 383 867 466 ipsae
881 382 1026 446 fatentur
1041 381 1170 447 coniec-

153 476 229 536 tura
252 493 285 535 se
308 471 381 555 plus
404 471 453 534 uti
476 493 573 556 quam
597 471 745 554 scientia,
776 492 817 534 an
846 470 901 555 iis,
932 491 1014 553 quae
1036 473 1186 538 tantum.

154 559 200 642 id,
230 558 315 644 quod
337 559 480 644 videtur,
509 563 686 641 sequuntur
707 580 767 622 nec
789 558 912 623 habent
939 559 1038 622 istam
1062 562 1169 623 artem

154 652 305 733 vestram,
328 670 392 733 qua
413 669 491 712 vera
513 651 547 711 et
568 647 653 711 falsa
675 645 871 711 diiudicent?
1268 645 1269 648 ’

222 735 285 801 Sed
316 736 375 801 illa
398 739 473 801 sunt
503 735 626 801 lumina
657 734 732 818 duo,
766 756 848 818 quae
871 734 1010 800 maxime
1034 756 1196 801 causams
1268 797 1269 804 ,

155 825 253 889 istam
277 825 454 890 continent:
483 824 629 891 Primum
652 824 737 888 enim
759 823 885 908 negatis
909 824 980 887 ficri
1001 843 1108 906 posse,
1131 827 1169 887 ut
1268 869 1269 904 3

156 914 327 998 quisquam
350 912 432 978 nulii
454 913 502 977 rei
525 911 736 976 adsentiatur.
765 911 812 975 At
833 911 866 976 id
889 910 1019 996 quidem
1042 912 1169 995 perspi·
1196 915 1199 920 '
1268 911 1269 982 ξ

155 1024 250 1068 cuum
274 1006 331 1066 cst.
360 999 441 1065 Cum
454 1000 638 1078 Panaetius,
660 1000 811 1083 princeps
833 1019 1021 1084 propemeo
1036 999 1170 1083 quidem
1268 1069 1269 1074 1

154 1089 271 1166 iudicio
296 1089 492 1172 Stoicorum,
526 1111 564 1152 ea
587 1088 626 1153 de
648 1109 683 1152 re
706 1088 855 1153 dubitare
878 1109 913 1152 sc
936 1087 1039 1171 dicat,
1069 1109 1170 1171 quam
1268 1141 1269 1152 ,

78 1257 81 1262 1
156 1199 265 1244 omnes
296 1181 425 1261 praeter
447 1199 519 1241 eum
548 1175 650 1241 Stoici
679 1177 893 1264 certissimam
924 1178 1055 1260 putant,
1089 1198 1169 1240 uera
1184 1203 1210 1241 ιο

155 1287 225 1330 0000
248 1265 455 1348 haruspicum
483 1284 641 1348 responsu,
670 1265 827 1349 auspicia,
853 1264 998 1346 oracula,
1030 1266 1170 1349 somnia,
1268 1297 1269 1326 1

154 1354 417 1435 vaticinationes,
450 1375 547 1436 seque
576 1354 617 1418 ab
648 1353 785 1418 adsensu
813 1354 986 1436 sustineat,
1017 1353 1105 1436 quod
1138 1355 1168 1418 is

154 1445 263 1526 potest
284 1443 390 1506 facere
409 1442 461 1507 vel
484 1442 523 1506 de
546 1441 586 1506 iis
605 1441 710 1524 rebus,
734 1463 814 1526 quas
837 1441 898 1523 illi,
921 1441 1075 1523 aquibus
1095 1441 1169 1525 ipse

156 1530 282 1615 didicit,
314 1535 417 1595 certas
447 1530 633 1613 habuerint,
666 1551 721 1594 cur
752 1529 785 1594 id
810 1529 937 1613 sapiens
966 1528 1004 1592 de
1032 1529 1168 1613 reliquis

155 1620 251 1684 rebus
281 1619 387 1686 facere
410 1641 475 1684 000
504 1617 631 1703 possit?
676 1617 731 1682 An
754 1621 803 1683 est
826 1618 961 1701 aliquid,
994 1617 1079 1702 quod
1109 1639 1169 1701 po·
1184 1641 1210 1682 15
1268 1671 1269 1696 ,

156 1707 255 1772 situm
277 1707 329 1794 ¹vel
360 1707 543 1793 improbare
572 1708 624 1771 vei
652 1705 831 1790 adprobare
863 1707 983 1788 possit,
1016 1705 1169 1773 dubitare
1268 1715 1269 1786 i

154 1818 222 1862 non
244 1796 371 1880 possit?
402 1819 444 1861 an
467 1800 503 1860 tu
530 1795 564 1859 in
588 1795 698 1860 soritis
720 1795 842 1878 poteris
865 1793 941 1878 hoc,
971 1815 1044 1858 cum
1067 1794 1170 1879 voles,
1268 1791 1269 1876 t

155 1885 211 1949 1110
243 1886 279 1949 10
300 1885 433 1968 reliquis
456 1884 552 1948 rebus
582 1903 649 1946 non
677 1883 799 1965 poterit
821 1881 934 1947 eodem
962 1881 1059 1947 modo
1090 1881 1169 1946 insi·
1268 1881 1269 1952 Ῠ

157 1976 254 2054 stere,
287 1973 479 2055 praesertim
506 1993 578 2035 cum
609 1971 714 2054 possit
741 1971 810 2034 sine
840 1970 1031 2035 adsensione
1060 1969 1167 2054 ipsam

105 2079 155 2130 108
178 2061 247 2124 veri
287 2059 534 2124 similitudinem
570 2080 635 2123 non
674 2059 864 2142 impeditam
906 2057 1018 2142 sequi?
1073 2057 1168 2123 Alte·
1182 2086 1208 2124 ac

155 2171 227 2213 rum
247 2150 305 2232 cst,
327 2148 413 2232 quod
435 2147 565 2232 negatis
588 2146 749 2212 actionem
767 2147 865 2212 ullius
883 2147 932 2211 rei
954 2167 1050 2231 posse
1074 2146 1109 2210 in
1129 2169 1167 2212 eo
1268 2151 1269 2182 ³

156 2259 237 2321 esse,
255 2237 312 2321 qui
329 2236 453 2300 nuliam
466 2257 535 2301 rom
554 2234 692 2300 adsensu
706 2257 764 2300 suo
779 2234 975 2319 comprobet.
998 2233 1169 2315 †Primum
1268 2271 1269 2288 2

157 2325 243 2390 enim
256 2324 360 2388 videri
380 2327 518 2408 oportet,
539 2323 654 2408 inquo
674 2323 718 2388 sit
732 2322 830 2388 ctiam
849 2323 1014 2388 adsensus.
1045 2321 1169 2388 Dicunt
1268 2325 1269 2388 ἑ

157 2414 242 2478 enim
257 2413 358 2478 Stoici
382 2435 494 2478 sensus
517 2412 606 2496 ipsos
631 2412 784 2476 adsensus
803 2433 885 2484 000ος
909 2432 988 2496 0000
1011 2411 1169 2495 quoniam

157 2502 312 2586 adpetitio
349 2505 577 2586 consequatur,
615 2500 775 2565 actionem
808 2500 912 2583 sequi3
948 2498 1024 2564 tolli
1058 2501 1169 2564 autem
1182 2523 1208 2565 25
1268 2517 1269 2590 0

104 2591 282 2673 34000010,
324 2591 352 2655 si
389 2590 460 2654 visa
495 2589 664 2654 tollantur.
722 2586 792 2652 Hac
828 2587 867 2651 de
903 2609 937 2652 re
974 2587 1010 2651 in
1045 2590 1168 2652 utram·
1268 2591 1269 2668 i

157 2701 218 2763 que
240 2680 368 2761 partem
392 2681 424 2741 et
442 2678 532 2760 dicta
555 2680 630 2741 sunt
653 2679 686 2739 et
708 2677 829 2758 scripta
852 2675 967 2759 multa,
996 2675 1051 2740 sed
1074 2676 1168 2741 brevi
1268 2673 1269 2692 ³

156 2787 208 2829 res
230 2767 340 2848 potest
361 2768 433 2829 tota
456 2765 578 2829 confici.
623 2763 695 2847 Ego
719 2764 805 2827 enim
828 2765 890 2828 etsi
916 2764 1092 2828 maximam
1116 2786 1168 2828 ac·
1255 2819 1261 2825 .

157 2853 279 2926 tionem
310 2856 391 2936 puto
423 2873 602 2937 repugnare
631 2851 725 2934 visis,
761 2850 919 2916 obsistere
950 2853 1169 2936 opinionibus

49 2960 52 2967 ·
158 2941 312 3005 adsensus
342 2940 485 3005 lubricos
516 2939 675 3004 sustinere
706 2939 861 3023 credoque
885 2937 1087 3006 Clitomacho
1120 2941 1169 3006 ita
1182 2967 1207 3008 eo

157 3029 321 3112 scribenti,
347 3027 482 3092 Herculi
499 3027 658 3112 quendam
681 3026 825 3092 laborem
839 3028 1042 3094 exanclatum
1056 3049 1076 3094 a
1091 3025 1169 3094 Car-

157 3117 272 3201 neade,
304 3116 402 3201 quod,
433 3120 470 3180 ut
498 3116 600 3180 feram
624 3119 657 3180 et
686 3115 860 3180 immanem
884 3115 1026 3201 beluam,
1058 3117 1106 3182 sic
1129 3139 1169 3182 ex

158 3205 273 3270 animis
296 3204 417 3270 nostris
438 3204 668 3288 adsensionem,
690 3203 724 3267 id
748 3206 798 3267 est
820 3203 1042 3287 opinationem
1067 3209 1100 3268 et
1122 3208 1169 3268 00-
1201 3273 1208 3280 ,

158 3293 354 3375 meritatem,
378 3292 585 3376 extraxisset,
606 3296 727 3372 tamen,
750 3294 788 3356 ut
810 3313 848 3355 ea
871 3313 947 3375 pars
970 3292 1168 3358 defensionis

157 3381 372 3465 relinquatur,
400 3380 476 3464 quid
498 3379 653 3463 impediet
675 3379 835 3444 actionem
858 3381 940 3458 eius,
971 3381 1027 3466 qui
1050 3381 1169 3464 proba·
1182 3407 1207 3450 es

107 3487 157 3536 109
180 3468 261 3533 bilia
292 3469 451 3552 sequitur,
482 3467 572 3532 nulla
603 3489 638 3532 re
669 3466 884 3552 impediente?
934 3466 1020 3553 Hoc,
1053 3469 1171 3555 inquit,

158 3555 265 3638 ipsum
297 3557 466 3640 impediet,
497 3555 582 3640 quod
615 3558 736 3620 statuet
766 3575 806 3620 00
838 3555 872 3619 id
904 3556 1049 3641 quidem,
1082 3559 1171 3643 quod
