2568 3948
149 223 214 286 214
311 222 359 275 DE
378 221 522 276 FINIBUS
541 220 722 275 BONORUM
740 221 787 274 ET
807 219 989 274 MALORUM

148 385 298 466 voluptas
326 405 344 448 e
371 383 483 447 multis
513 383 703 447 obscuratur
730 381 765 446 in
792 381 851 445 illa
873 381 942 444 vita
964 381 1164 464 voluptaria,

150 473 205 536 sed
227 477 338 536 tamen
361 493 412 554 ea,
436 471 583 554 quamvis
606 470 783 553 pervasit,
805 472 950 553 pareest
971 469 1039 533 eius
1062 469 1164 552 vitae,

148 581 231 644 quae
254 560 362 642 posita
385 559 491 623 estin
513 559 689 640 voluptate.
733 554 894 621 Nummus
920 557 953 620 in
977 555 1089 622 Croesi
1113 557 1162 620 di·
1278 573 1279 618 r

148 648 236 712 uitiis
267 648 469 729 obscuratur,
497 667 572 729 pars
596 649 776 710 esttamen
807 645 1003 709 divitiarum.
1051 645 1161 720 Quare

149 737 361 800 obscurentur
382 734 480 798 etiam
502 734 596 813 haec,
619 755 701 816 quae
724 733 898 797 secundum
916 735 1067 797 naturam
1086 754 1193 798 esses
1278 805 1279 808 Ἴ

99 824 300 936 13dicimus,
321 822 356 888 in
373 823 441 886 vita
459 822 568 907 beata3
592 823 659 886 sint
677 820 772 886 rno'do
791 824 900 904 partes
920 820 1007 885 vitae
1033 820 1161 885 beatae.

97 950 130 996 32
216 910 318 994 Atqui
347 911 387 991 si,
414 912 451 973 ut
473 911 642 975 convenire
666 909 762 973 debet
783 911 869 972 inter
891 929 965 986 nos,
991 912 1041 973 est
1063 931 1159 991 quae·
1278 909 1279 942 ³

150 1001 224 1063 dam
253 997 410 1082 appetitio
437 999 595 1062 naturalis
626 1019 677 1080 ea,
705 1018 785 1080 quae
809 996 984 1070 secundum
1007 999 1162 1061 naturam

150 1090 238 1170 sunt,
270 1090 439 1170 appetens,
476 1107 586 1150 corum
622 1085 766 1150 omnium
803 1087 853 1148 est
888 1084 996 1168 aliqua
1030 1107 1161 1149 summa

149 1174 304 1238 facienda.
363 1172 433 1248 Quo
470 1174 666 1256 constituto,
700 1177 770 1237 tum
805 1172 916 1236 licebit
953 1173 1057 1238 otiose
1093 1173 1161 1237 ista
1176 1198 1207 1238 ro
1278 1181 1279 1254 l

151 1281 312 1344 quaerere,
330 1261 369 1324 de
383 1260 605 1344 magnitudine
623 1281 740 1338 rerum,
759 1260 797 1324 de
816 1260 1018 1344 excellentia,
1036 1265 1161 1344 quanta

150 1349 185 1412 in
213 1370 338 1432 quoque
367 1349 411 1412 sit
434 1349 473 1413 ad
500 1349 595 1413 beate
618 1348 804 1431 vivendum,
831 1348 870 1411 de
900 1348 973 1412 istis
996 1349 1078 1432 ipsis
1102 1349 1160 1414 ob·
1278 1363 1279 1414 l

150 1437 400 1520 sourationibus,
433 1458 515 1519 quae
546 1440 679 1519 propter
712 1437 921 1520 exiguitatem
948 1437 1002 1500 vix
1030 1440 1087 1500 aut
1117 1459 1160 1501 ne
1278 1473 1279 1518 3

149 1525 204 1588 vix
227 1524 357 1608 quidem
381 1529 567 1608 appareant.
614 1524 713 1607 Quid,
737 1523 777 1588 de
800 1546 862 1608 quo
885 1524 976 1588 nulla
999 1524 1158 1589 dissensio

150 1613 221 1676 est?
257 1612 362 1678 Nemo
382 1614 466 1677 enim
485 1617 548 1696 est,
571 1613 627 1696 qui
646 1612 741 1676 aliter
760 1611 891 1694 dixerit,
914 1613 991 1695 quin
1013 1613 1158 1710 omnium
1174 1638 1201 1677 15
1278 1625 1279 1628 ’

149 1703 339 1765 naturarum
360 1701 464 1765 simile
483 1704 569 1766 esset
592 1700 637 1778 id,
662 1700 702 1765 ad
721 1701 807 1783 quod
826 1700 935 1763 omnia
952 1699 1158 1784 referrentur,

150 1789 236 1872 quod
258 1792 308 1852 est
330 1789 481 1853 ultimum
502 1810 610 1853 rerum
634 1788 895 1870 appetendarum.
939 1786 1052 1852 Omnis
1071 1789 1159 1852 enim

150 1880 200 1940 est
221 1879 340 1941 natura
361 1876 500 1961 diligens
525 1876 583 1940 sui.
620 1875 708 1951 Quae
732 1871 782 1940 est
805 1877 905 1958 enim,
928 1897 1009 1959 quae
1033 1897 1066 1940 se
1088 1897 1159 1940 um·

150 1985 246 2046 quam
270 1965 399 2029 deserat
422 1969 477 2028 aut
498 1968 625 2046 partem
649 1963 791 2046 aliquam
814 1963 865 2027 sui
888 1966 945 2026 aut
962 1963 1029 2028 eius
1052 1965 1157 2047 pertis

148 2051 297 2116 habitum
326 2055 383 2116 aut
410 2052 475 2115 vim
503 2055 559 2116 aut
585 2051 684 2115 ullius
713 2073 824 2114 earum
849 2072 968 2134 rerum,
997 2073 1079 2135 quae
1110 2074 1157 2116 se·
1173 2077 1202 2117 ao

149 2137 286 2202 eundum
309 2141 460 2203 naturam
479 2143 567 2222 sunt,
590 2143 647 2203 aut
665 2143 790 2203 motum
809 2142 865 2203 aut
883 2139 1030 2202 statum?
1066 2139 1157 2215 Quae

149 2229 257 2290 autem
288 2229 405 2290 natura
437 2248 512 2290 suae
543 2228 667 2310 primae
699 2226 914 2291 institutionis
952 2226 1054 2291 oblita
1086 2231 1158 2292 est?

148 2310 249 2377 Nulla
271 2313 417 2396 profecto
439 2319 495 2396 est,
523 2315 600 2397 quin
628 2337 719 2378 suam
746 2315 814 2379 vim
840 2313 979 2378 retineat
1004 2337 1023 2378 a
1050 2316 1157 2398 primo

96 2421 130 2470 33
150 2401 190 2464 ad
215 2405 402 2467 extremum.
452 2401 523 2477 Quo
550 2403 646 2467 modo
674 2403 775 2486 igitur
802 2401 922 2484 evenit,
949 2404 986 2465 ut
1014 2401 1157 2468 hominis

148 2492 265 2554 natura
297 2491 367 2554 sola
399 2493 498 2574 esset,
529 2513 611 2574 quae
642 2491 807 2555 hominem
834 2489 1043 2573 relinqueret,
1073 2512 1157 2573 quae
1172 2516 1199 2555 25

149 2577 392 2642 oblivisceretur
415 2579 576 2663 corporis,
600 2600 681 2662 quae
704 2599 865 2642 summum
887 2577 1009 2641 bonum
1031 2599 1099 2642 non
1122 2580 1159 2644 in

147 2667 217 2728 toto
250 2664 396 2748 homine,
429 2667 485 2730 sed
515 2666 550 2730 in
580 2670 673 2748 parte
703 2665 845 2730 hominis
871 2665 1031 2747 poneret?
1085 2666 1157 2741 Quo

148 2751 245 2815 modo
265 2755 383 2835 autem,
402 2754 488 2836 quod
505 2754 570 2836 ipsi
584 2754 685 2818 etiam
701 2754 845 2817 fatentur
862 2756 1053 2835 constatque
1071 2754 1158 2818 inter

148 2839 262 2916 omnis,
287 2841 539 2923 conservabitur,
559 2844 596 2904 ut
619 2841 723 2904 simile
743 2841 787 2904 sit
806 2839 948 2906 omnium
965 2845 1157 2905 naturarum

147 2925 229 2990 illud
255 2927 419 3010 ultimum,
447 2929 486 2992 de
513 2949 575 3012 quo
603 2928 790 3012 quaeritur?
839 2926 922 2991 Tum
952 2927 1037 2995 enim
1069 2935 1157 2994 esset
1171 2956 1199 2996 ao

148 3014 267 3097 simile,
296 3015 323 3078 si
351 3014 386 3078 in
414 3016 528 3080 ceteris
557 3039 683 3101 quoque
709 3014 834 3080 naturis
862 3013 895 3077 id
924 3015 1038 3098 cuique
1069 3021 1157 3082 esset

146 3101 310 3184 ultimum,
333 3103 418 3186 quod
436 3104 470 3168 in
489 3127 614 3190 quaque
632 3104 810 3169 excelleret.
846 3100 925 3165 Tale
944 3103 1030 3166 enim
1049 3103 1157 3168 visum

94 3209 128 3258 34
148 3193 197 3253 est
219 3190 369 3254 ultimum
393 3189 582 3257 Stoicorum.
633 3191 715 3268 Quid
743 3189 869 3270 dubitas
897 3188 998 3272 igitur
1027 3196 1157 3256 mutare
1253 3245 1258 3256 .

145 3278 306 3360 principia
337 3280 495 3344 naturae?
549 3279 632 3356 Quid
664 3279 749 3342 enim
781 3276 860 3340 dicis
893 3297 988 3340 omne
1025 3279 1157 3363 animal,

146 3364 242 3430 simul
265 3369 361 3449 atque
386 3367 429 3431 sit
452 3371 572 3448 ortum,
596 3366 793 3448 applicatum
811 3385 882 3438 esse
901 3363 942 3428 ad
961 3385 995 3428 se
1018 3365 1156 3450 diligen·
1172 3393 1199 3434 re

5 3441 6 3514 l
146 3451 221 3514 dum
258 3474 392 3536 esseque
428 3455 464 3517 in
500 3475 534 3518 se
571 3452 788 3517 conservando
825 3451 1055 3536 occupatuml,
1077 3455 1158 3536 quin
1270 3479 1273 3487 ‘

144 3539 252 3619 potius
276 3541 323 3604 ita
346 3541 440 3623 dicis,
469 3561 562 3604 omne
587 3539 706 3604 animal
729 3539 923 3623 applicatum
947 3561 1017 3603 esse
1041 3539 1082 3604 ad
1113 3541 1159 3626 id,
