2568 3948
349 257 416 312 ΜΒ.
435 256 468 311 v.
497 257 572 312 CAP.
594 264 640 326 ιι,
662 263 702 313 13.
730 263 885 324 saa-as.
1055 259 1118 322 251

11 443 12 488 ς
112 441 232 502 earum,
252 440 334 502 quae
352 420 386 482 in
400 420 566 484 voluntate
585 419 712 502 positae
729 420 832 503 magis
846 421 976 503 proprio
991 421 1119 484 nomine

11 509 12 516 '
112 507 271 591 appellari
299 507 417 657 solent,
450 527 587 590 quarum
615 511 664 570 est
650 506 887 571 t'excellens
877 529 909 571 ιιι
939 508 1120 573 animorum
1211 529 1213 534 ·

11 603 12 608 ’
112 595 208 660 laude
235 595 444 677 praestantia
494 594 616 658 Prioris
639 595 767 679 generis
790 599 839 658 est
867 595 1030 679 docilitas,
1054 617 1119 660 me-

111 683 230 766 moria3
275 704 358 766 quae
397 681 464 746 fere
505 683 614 746 omnia
652 683 856 783 appellantur
891 704 956 746 uno
997 677 1120 766 ingenii

83 771 257 852 momine,
280 791 397 854 easque
420 770 556 834 virtutes
579 769 634 853 qui
657 769 792 853 habent,
821 771 982 854 ingeniosi
1005 791 1119 835 vocan-

112 863 174 922 tur.
210 821 360 922 Alterum
379 859 487 922 autem
506 876 607 940 genus
631 860 682 922 est
699 878 890 942 magnarum
909 879 1119 942 verarumque

111 947 283 1028 virtutum,
302 967 381 1030 quas
401 944 602 1028 appellamus
621 945 833 1028 voluntarias,
851 949 887 1008 ut
907 947 1120 1029 prudentiam,

111 1033 380 1117 temperantiam,
420 1031 662 1116 fortitudinem,
702 1033 862 1097 iustitiam
906 1037 939 1097 et
979 1034 1119 1118 reliquas

113 1122 241 1205 generis
264 1121 416 1186 eiusdem.

72 1237 98 1274 ιο
178 1208 224 1274 Et
247 1209 434 1278 summatim
456 1208 585 1293 quidem
608 1209 688 1273 h'aec
712 1212 804 1274 erant
833 1209 872 1273 de
896 1231 1029 1292 corpore
1052 1211 1120 1274 ani-

112 1319 228 1382 moque
255 1296 402 1380 dicenda,
436 1297 552 1380 quibus
581 1297 672 1380 quasi
705 1295 916 1360 informatum
949 1301 1013 1378 est,
1043 1298 1118 1381 quid

112 1385 252 1450 hominis
288 1389 404 1449 natura
440 1383 597 1467 postulet3
639 1405 677 1447 ex
714 1405 777 1468 quo
813 1385 1020 1468 perspicuum
1061 1389 1119 1468 est,
1137 1398 1171 1445 37

112 1473 264 1557 quoniam
282 1472 346 1555 ipsi
365 1495 385 1536 a
402 1471 497 1540 nobis
520 1471 695 1556 diligamur
715 1471 885 1555 omniaque
905 1475 937 1536 et
958 1473 993 1536 in
1012 1473 1119 1538 animo

11 1621 12 1650 3
112 1565 145 1645 et
171 1561 207 1624 in
235 1581 368 1643 corpore
397 1559 540 1642 perfecta
567 1559 704 1624 velimus
738 1579 820 1641 esse,
854 1581 892 1622 ea
924 1559 1017 1632 nobis
1048 1562 1121 1643 ipsa

73 1675 98 1714 15
112 1671 187 1714 cara
214 1669 284 1712 esse
311 1651 446 1731 propter
473 1668 519 1730 se,
548 1650 581 1712 et
606 1647 641 1712 in
668 1647 709 1710 iis
738 1667 807 1711 esse
836 1647 874 1710 ad
902 1647 984 1711 bene
1014 1648 1119 1712 viven-

11 1739 13 1822 ζ
112 1737 188 1800 dum
211 1738 376 1800 momenta
399 1736 547 1798 maxima.
591 1733 678 1800 Nam
705 1735 757 1798 oui
784 1735 954 1817 proposita
979 1736 1024 1799 sit
1046 1757 1120 1800 con-

11 1827 13 1846 ³
113 1825 254 1889 servatio
278 1824 341 1906 sui,
363 1843 493 1887 necesse
512 1825 563 1887 est
586 1821 661 1886 huic
680 1825 789 1905 partes
812 1844 937 1906 quoque
958 1824 1009 1887 sui
1028 1844 1119 1886 caras

112 1933 183 1978 esse
216 1911 428 1994 carioresque,
462 1931 525 1993 quo
555 1910 764 1994 perfectiores
795 1910 860 1974 sint
890 1912 922 1974 eb
951 1911 1056 1994 magis
1087 1911 1121 1974 in

113 2022 172 2066 suo
196 2019 312 2084 genere
334 1997 522 2062 laudabiles.
567 1997 617 2062 Ea
640 1998 726 2062 enim
749 1997 817 2063 vita
840 1998 1015 2082 expetitur,
1038 2019 1119 2082 quae

73 2089 158 2153 rosit
190 2086 291 2151 animi
324 2086 530 2170 corporisque
563 2085 689 2169 expleta
723 2086 912 2168 virtutibus,
948 2086 984 2150 in
1020 2107 1120 2169 eoquo

113 2196 275 2258 summum
304 2175 424 2240 bonum
451 2174 529 2256 poni
556 2195 685 2238 necesse
714 2176 776 2256 est,
804 2173 1062 2257 quandoquidem
1088 2174 1121 2239 id

111 2264 179 2328 tale
202 2283 272 2328 esse
291 2261 399 2343 debet,
421 2265 458 2325 ut
476 2283 583 2326 rerum
601 2260 850 2345 expetendarum
871 2261 915 2326 sit
933 2266 1120 2327 extremum.

11 2431 12 2438 ἵ
113 2352 184 2428 Quo
209 2350 340 2434 cognito
364 2349 505 2414 dubitari
527 2370 594 2413 non
615 2352 738 2432 potest,
765 2350 854 2432 quin,
882 2371 954 2413 cum
977 2350 1042 2432 ipsi
1063 2349 1120 2413 ho·

113 2441 217 2504 mines
241 2438 303 2502 sibi
327 2437 393 2502 sint
414 2459 472 2520 per
491 2445 524 2501 se
548 2441 581 2501 et
599 2459 658 2501 sua
677 2440 793 2519 sponte
812 2436 891 2518 cari,
914 2440 1022 2520 partes
1046 2459 1121 2520 quo-

73 2552 99 2589 aa
114 2548 175 2628 que
199 2525 232 2590 et
255 2525 398 2609 corporis
427 2529 460 2588 et
483 2525 589 2588 animi¹
611 2528 644 2588 et
667 2545 777 2588 earum
799 2545 918 2604 rerum
942 2545 1023 2607 quae
1047 2528 1122 2588 suut
1145 2575 1152 2584 ,

11 2633 12 2640 “
113 2616 149 2678 in
176 2615 343 2698 utriusque
369 2615 460 2677 motu
489 2616 521 2677 et
548 2615 648 2694 statu,
672 2634 730 2676 sua
753 2612 887 2676 caritate
916 2611 1120 2677 colantur
1088 2633 1104 2675 e

113 2723 172 2786 per
195 2724 229 2766 se
252 2703 342 2784 ipsae
366 2704 569 2802 appetantur.
615 2699 739 2775 Quibus
763 2699 918 2782 expositis
940 2699 1046 2764 facilis
1070 2704 1120 2764 est
1138 2721 1172 2768 aa

113 2791 298 2856 coniectura
316 2810 355 2852 ca
372 2783 511 2852 maxime
530 2809 599 2854 esse
623 2788 801 2872 expetenda
824 2808 862 2850 ex
884 2787 1015 2871 nostris,
1038 2810 1120 2872 quae

112 2878 287 2961 plurimum
323 2877 445 2940 habent
431 2876 667 2960 baignaus,
703 2879 740 2939 ut
783 2876 925 2958 optimae
968 2876 1120 2959 cuiusque

73 2989 100 3029 so
113 2966 229 3050 partis,
263 2986 343 3048 quae
376 2986 434 3048 per
466 2985 500 3028 se
527 2967 710 3047 expetatur,
738 2964 841 3028 virtus
872 2964 916 3027 sit
945 2963 1121 3046 expetenda

114 3054 260 3118 maxime.
314 3050 366 3117 Ita
397 3051 466 3135 fiet,
497 3053 535 3115 ut
567 3052 666 3116 animi
697 3051 799 3115 virtus
831 3052 974 3134 corporis
1006 3051 1121 3116 virtuti

113 3143 331 3224 anteponatur
350 3140 511 3224 animique
529 3140 665 3204 virtutes
686 3160 753 3204 non
771 3139 971 3203 voluntarias
989 3139 1121 3204 vincant

113 3231 251 3294 virtutes
283 3227 499 3305 voluntariae,
535 3248 616 3311 quae
653 3227 783 3311 quidem
819 3227 948 3311 proprie
985 3227 1120 3291 virtutes

114 3317 321 3401 appellantur
344 3315 544 3400 multumque
573 3315 748 3398 excellunt,
776 3316 947 3399 propterea
973 3314 1058 3398 quod
1082 3335 1121 3378 ex

72 3431 99 3472 aa
113 3406 241 3470 ratione
263 3404 454 3488 gignuntur,
471 3424 545 3487 xqua
571 3403 654 3467 nihil
677 3406 729 3468 est
755 3404 790 3466 in
818 3402 949 3466 homino
972 3401 1121 3466 divinius.

113 3492 245 3558 Etenim
264 3491 408 3557 omnium
425 3512 542 3574 rerum,
560 3512 641 3575 quas
660 3494 693 3555 at
710 3494 799 3555 areat
817 3492 983 3554 naturast
1001 3493 1119 3572 tuctur,

115 3601 197 3666 quae
220 3583 278 3645 aut
299 3580 366 3644 sine
385 3579 494 3644 animo
514 3582 590 3644 sunt
607 3583 664 3644 aut
680 3599 744 3645 aon
764 3578 867 3642 multo
887 3598 987 3662 secus,
1010 3599 1121 3642 earum
