2470 3962
379 214 590 270 ADNOTATIO
609 213 759 270 CBITICA.
1008 216 1073 270 XIII

52 376 295 444 posse'quioquuru
309 391 382 430 esse.
415 375 477 430 Vid.
492 373 584 430 Madv.
599 376 645 429 fin.
664 375 703 429 IV
720 380 760 428 18.
775 381 809 430 48
828 393 854 444 p.
870 381 921 430 553
941 377 971 430 et
988 375 1015 430 V
1029 379 1072 430 23.

55 452 91 500 54
110 464 139 514 p.
161 451 227 513 sss,
247 446 310 500 add.
326 461 360 499 ex
377 447 432 500 hoc
449 447 666 516 vulpiam,
686 449 746 500 ass.
761 452 795 501 sc
814 448 885 514 (eos.
903 453 919 500 o
939 446 1023 515 555).
1038 475 1072 486 -

55 517 87 570 P.
99 523 143 570 74.
155 522 190 570 32
204 517 272 584 ipsu
285 515 377 570 Halm.
388 546 422 556 -
432 516 462 570 P.
474 522 516 570 75.
531 523 547 571 5
560 518 657 584 possit
670 516 781 585 scripsi,
795 534 821 570 v.
839 516 875 570 ad
888 534 915 585 p.
927 522 968 572 52.
980 523 1022 572 25.
1038 547 1071 557 -

55 586 87 640 P.
105 591 149 642 75.
167 592 199 640 11
218 587 394 656 Syracosius
412 586 491 644 codd.
505 587 571 653 AB,
585 587 666 656 Bait,
685 587 851 656 Syracusius
865 588 949 656 vulg,
963 588 1070 654 Halm.;

57 656 93 710 cf.
104 674 133 726 p.
149 662 211 711 459.
222 663 265 724 23,
276 657 331 711 div.
341 658 354 710 Ι
363 664 404 712 29.
416 663 459 712 39.
470 688 501 696 -
512 657 543 713 P.
557 663 597 712 75.
611 662 643 712 19
656 657 736 712 codd.
746 657 809 727 Epo
822 673 856 712 ue
869 659 953 723 uotis,
966 659 1072 726 Lamb,

57 728 169 796 Halm,
192 726 265 782 Bait.
290 727 406 798 Epoue?
431 743 466 783 ue
490 728 532 783 bis
553 728 672 782 fortasse
697 743 772 782 vere.
798 757 831 768 -
857 726 889 782 P.
914 733 991 784 ¹16.5
1016 746 1072 798 quo

57 799 184 866 quodque
206 799 355 852 movebitur
373 814 484 867 corpus,
507 800 586 854 uliied
604 801 680 853 cedat
698 797 810 869 scripsi,
834 799 907 868 quod
924 799 1073 853 movebitur

58 885 205 936 corporum
230 870 307 924 cedat
332 869 425 935 codd,
451 884 503 937 quo
528 869 595 937 quid
621 871 768 923 movebitur
794 884 950 937 corporum,
975 885 1074 937 eorpus

59 941 138 992 cedat
156 939 264 1006 Halm,
282 939 354 993 Bait
375 971 408 980 —
426 938 457 994 P.
478 946 520 993 77.
539 945 555 994 5
579 939 697 993 fortasse
724 938 836 1008 scripsit
854 938 950 993 Cicero
968 939 1014 993 vel
1033 940 1074 993 Et

58 1009 106 1063 vel
129 1009 188 1062 Hic
210 1010 324 1064 dubium
342 1015 387 1064 est.
408 1041 440 1050 -—
459 1010 499 1063 Ib.
524 1010 616 1064 ieviter
634 1015 665 1063 ut
688 1010 778 1066 dicum
796 1011 871 1064 recte
891 1009 985 1078 codd,
1007 1027 1074 1064 nam

60 1079 136 1147 quod
154 1079 228 1136 Bait.
247 1081 411 1135 nonsolum
429 1079 476 1134 hic
494 1079 608 1134 Davisio
627 1081 741 1134 auctore
761 1079 872 1149 scripsit
890 1081 997 1146 leuiter,
1025 1081 1075 1134 sed

60 1150 148 1203 etiam
171 1149 253 1217 alibi,
276 1152 308 1205 ut
329 1149 454 1205 famslu
473 1156 496 1205 6.
516 1157 546 1218 3,
571 1157 611 1204 10.
627 1155 656 1218 5,
681 1156 723 1205 11.
745 1155 774 1219 5,
798 1149 910 1205 erravit.
947 1151 1011 1205 Vid.
1030 1151 1073 1205 in·

60 1224 146 1289 terpr.
167 1219 246 1275 Tusc.
269 1222 283 1274 I
301 1226 342 1276 40.
364 1226 397 1275 95
416 1222 488 1291 quod
506 1222 591 1275 leuius
608 1222 672 1275 truie
690 1221 794 1276 levitati
811 1237 907 1276 uorueu
925 1223 1073 1288 iupououu,

61 1290 137 1358 quod
162 1307 197 1344 ne
222 1291 314 1360 ipsum
342 1291 453 1360 quidem
478 1291 579 1346 Baiter.
596 1291 738 1361 integrum
763 1291 890 1361 reliquit,
917 1292 1009 1347 Halm.
1023 1293 1073 1346 *ad

60 1363 133 1416 Sest
155 1367 198 1416 69.
221 1366 272 1416 145
296 1377 337 1418 ex.
360 1366 393 1416 ut
414 1363 544 1417 iecissiiue
565 1363 655 1417 dicum
678 1361 767 1416 etad
793 1361 860 1417 Sull.
883 1368 907 1416 1.
927 1369 942 1416 3
961 1363 1075 1432 precius

60 1433 210 1497 iudicium,
232 1431 283 1486 int
307 1431 385 1488 Caes.
405 1433 457 1487 civ.
476 1434 491 1486 I
508 1437 532 1488 2.
548 1439 564 1487 8
583 1435 729 1486 seuteutioe
746 1448 841 1502 pruses
860 1433 987 1498 (11322
1010 1450 1073 1502 pru·

60 1504 169 1556 sissimo
199 1503 391 1558 iudicaueruut
421 1503 525 1572 partim
562 1519 709 1572 perperam
741 1504 984 1572 interpretantur),
1016 1503 1072 1560 Cic.

63 1573 173 1638 Quinct
194 1579 236 1628 18.
259 1578 292 1628 57
314 1575 445 1643 praviora
467 1575 549 1628 cerba
568 1605 600 1612 -
623 1575 732 1628 leuiora.
779 1573 954 1642 Quamquam
979 1576 1074 1628 territur

63 1645 91 1698 et
109 1659 203 1712 aspere
220 1645 309 1698 dicere
325 1661 382 1698 non
399 1643 564 1698 inusitatum
583 1646 637 1709 est;
661 1644 711 1698 sed
733 1645 827 1698 tamen
853 1645 1015 1698 constanter
1033 1645 1073 1698 di·

63 1715 135 1768 citur
153 1715 294 1781 utieuiter
312 1716 415 1780 dicum,
433 1731 467 1769 ue
484 1716 575 1770 dicum
592 1716 707 1784 prooius
725 1716 792 1781 etc.;
812 1714 846 1769 cf.
865 1731 892 1783 p.
908 1721 967 1769 347.
983 1721 1025 1771 25.
1041 1746 1074 1756 -

62 1785 92 1838 P.
120 1790 215 1838 77.11
239 1785 354 1840 uiuimu
379 1785 472 1853 codd,
497 1787 606 1839 uriuutu
628 1783 763 1838 Lambino
790 1785 903 1838 auctore
928 1785 1020 1840 Helm.
1046 1788 1076 1840 et

63 1855 180 1922 Baiter,
205 1855 254 1908 sed
271 1873 298 1910 v.
317 1873 344 1924 p.
364 1862 424 1910 268.
439 1863 473 1910 26
493 1855 595 1925 (Madv.
614 1873 641 1924 p.
662 1857 724 1920 743)
749 1856 850 1923 euipuu
873 1860 897 1908 et
917 1871 1007 1924 pueue
1024 1859 1074 1910 rui-

62 1927 151 1991 uimu,
170 1925 262 1978 Arum.
276 1927 362 1982 Marc.
377 1926 442 1980 XIV
457 1933 481 1980 5.
496 1930 513 1978 8
528 1928 629 1996 euipuu
641 1926 707 1980 tuse
719 1930 744 1979 et
761 1927 876 1980 miuiruo
891 1925 936 1994 (Η.
951 1925 1076 1981 Michael'

63 1996 97 2050 de
121 1995 211 2050 Amm.
236 1995 321 2051 Marc.
346 1995 445 2050 studiis
470 1995 671 2064 Ciceronianis,
694 1996 808 2051 Vratisl.
829 2002 897 2051 1874
919 2014 947 2066 p.
967 2000 1020 2066 31).
1041 2027 1074 2038 -

63 2066 93 2120 P.
109 2071 151 2121 77.
167 2073 201 2121 31
215 2081 268 2134 quo
281 2069 372 2121 modo
386 2067 488 2134 Halm,
503 2067 605 2121 Baiter.
621 2098 654 2106 —
668 2065 699 2123 P.
715 2071 755 2120 78.
772 2073 787 2120 6
802 2084 842 2135 sq.
859 2067 922 2137 Qua
934 2068 967 2122 de
979 2084 1009 2122 re
1022 2069 1074 2138 ipi-

63 2144 109 2191 tur
124 2167 157 2176 -
172 2137 303 2192 distrusio
317 2137 375 2191 est?
403 2137 503 2206 Klotz,
522 2137 604 2206 Bait,
623 2137 702 2192 codd.
721 2138 852 2192 dissensio
870 2143 899 2191 et
917 2138 1017 2194 ouzitto.
1040 2169 1074 2178 --

63 2207 93 2262 P.
110 2212 185 2262 788
205 2212 236 2262 ut
253 2207 391 2267 Heredium
409 2207 488 2275 Dav,
506 2207 598 2262 Halm.
620 2238 653 2247 -
672 2206 703 2260 P.
719 2212 759 2263 78.
776 2214 809 2261 32
828 2209 893 2262 toec
910 2225 985 2262 uuuc
1002 2210 1074 2264 uide·
1127 2225 1131 2228 ·
1226 2273 1227 2282 ἵ

64 2294 155 2343 oum,
173 2294 243 2346 quoe
255 2277 362 2348 Lamb,
375 2279 462 2344 Bait,
480 2279 545 2332 tuec
562 2280 702 2333 uideamus
720 2295 789 2347 quae
802 2295 877 2332 uuuc
897 2278 991 2346 codd,
1010 2281 1075 2334 tuec

63 2349 172 2418 [usuro]
185 2349 332 2415 uideamus,
353 2366 422 2418 quoe
435 2349 527 2402 Halm.
543 2379 576 2389 -
591 2349 620 2404 P.
636 2355 677 2404 79.
694 2355 708 2402 1
723 2349 797 2415 tuis
816 2351 873 2418 opt.
889 2349 978 2417 codd,
992 2349 1074 2417 Bait,

64 2421 153 2484 tuem
167 2418 258 2476 Halm.
273 2435 288 2472 e
303 2418 404 2473 deterr.
416 2451 449 2460 -
459 2419 489 2472 P.
502 2425 542 2473 79.
555 2425 588 2473 23
603 2435 704 2474 uecesse
717 2425 755 2473 est
769 2419 874 2486 addidi,
888 2422 1076 2475 coustituetur

64 2489 170 2556 Lami),
184 2489 258 2558 Ern,
272 2489 344 2544 Bait.
361 2519 393 2529 -
407 2489 438 2545 P.
456 2496 497 2544 79.
512 2496 545 2544 31
560 2491 632 2544 uitii
644 2490 737 2544 dicitis
752 2519 785 2528 —
796 2491 919 2558 alieuruu,
930 2506 983 2543 esse
992 2489 1075 2557 Bait,

64 2559 127 2642 all,
149 2559 222 2614 uitii
246 2575 299 2614 esse
323 2561 416 2614 dicitis
442 2590 475 2600 -
502 2561 627 2642 51555555Ι
640 2577 693 2615 esse
712 2559 791 2643 codd.
816 2591 849 2600 —
872 2558 903 2611 P.
925 2565 966 2614 79.
986 2566 1021 2614 34
1039 2563 1076 2616 sit

64 2635 353 2755 staurus
370 2630 744 2770 itttrsutttuu
762 2629 1025 2769 litttfflalffl
1041 2663 1075 2757 'ri

66 2777 107 2826 81.
122 2774 156 2824 28
175 2775 213 2835 et,
238 2788 265 2824 v.
283 2777 318 2825 34
335 2771 448 2826 Halmio
468 2773 582 2826 anctore
601 2771 705 2838 Stoico,
726 2788 753 2840 p.
769 2777 811 2825 82.
827 2777 862 2825 24
884 2771 1020 2827 Lambino
1044 2779 1076 2826 ut
1170 2805 1172 2809 -
1205 2813 1210 2822 .

65 2839 178 2894 inclusit
196 2839 298 2894 Baiter.
314 2873 347 2880 -
361 2841 390 2894 P.
406 2847 447 2896 82.
465 2847 478 2896 1
495 2843 658 2896 balbuttieus
672 2859 687 2896 5
702 2842 762 2895 cod.
780 2841 803 2894 B
818 2842 903 2909 Bait,
922 2860 948 2912 p.
965 2848 1026 2898 451.
1042 2849 1074 2897 28

65 2927 120 2965 555
137 2911 207 2964 item
223 2925 238 2964 5
253 2911 324 2965 Νο5.
340 2914 369 2966 et
383 2912 462 2966 codd.
479 2911 500 2966 G
517 2914 546 2966 et
559 2913 592 2980 B,
611 2929 663 2966 nec
677 2913 795 2980 effuttire
809 2928 843 2965 ex
856 2912 957 2966 iisdem
971 2930 997 2982 p.
1013 2918 1074 2968 455.

66 2987 90 3036 5.
106 2980 182 3035 -P,
198 2985 241 3036 82,
255 2986 291 3036 28
308 2983 392 3036 istum
409 2984 490 3050 siueru
508 2982 579 3038 coni.
593 2983 695 3051 Halm,
715 2999 768 3037 scr.
787 2983 869 3050 Bait,
887 2985 978 3051 ipsum
995 2985 1086 3051 tuem·

66 3052 154 3120 codd,
169 3067 251 3106 cruce
265 3053 387 3122 praefixa
400 3053 493 3107 Halm.
504 3081 538 3094 -—
547 3053 577 3107 P.
587 3058 630 3108 82.
641 3059 675 3108 30
692 3053 736 3108 Tu
749 3051 836 3122 vulg',
850 3059 907 3107 turu
921 3053 1010 3118 codd,
1025 3059 1076 3109 tuu

66 3122 210 3190 Guilelm,
228 3122 301 3180 Bait
321 3153 354 3164 -
373 3122 402 3178 P.
418 3128 461 3178 85.
480 3130 514 3178 37
532 3139 589 3178 uou
609 3125 731 3193 proteus
749 3123 854 3191 Mada,
874 3123 975 3191 Halm,
993 3124 1075 3191 Bait,

66 3194 236 3261 conprobaus
254 3193 349 3262 codd,
374 3194 487 3248 ‘sedin
505 3193 531 3247 A
549 3211 600 3249 eou
618 3210 702 3262 supra
719 3193 835 3261 lineam,
860 3197 893 3249 ut
910 3210 997 3262 aeque
1016 3195 1076 3248 veri
1129 3260 1133 3268 ὁ

67 3264 155 3318 simile
175 3263 212 3318 sit
230 3263 392 3318 Ciceronem
410 3266 574 3334 iuprobaus,
592 3265 625 3318 ut
641 3264 770 3320 Davisius
788 3263 890 3331 voluit,
910 3264 1072 3332 scripsisse?

134 3333 415 3390 Academicorum
441 3336 635 3404 fragmenta
662 3351 697 3390 ea
723 3335 815 3404 omisi,
842 3349 913 3403 quae
942 3351 960 3387 a
981 3335 1074 3390 Nonio

65 3407 208 3473 umquam
233 3421 268 3459 ex
291 3405 376 3460 tertio
401 3407 556 3474 quartoque
579 3406 651 3460 libro
674 3406 785 3476 prolata
808 3404 933 3458 nuncin
957 3404 1074 3461 Lucullo

67 3475 257 3544 reperiuntur,
281 3475 406 3545 itemque
429 3494 513 3530 unum
536 3476 621 3544 illud,
639 3477 714 3544 quod
737 3474 891 3530 Martianus
916 3473 1031 3543 Capella
1049 3475 1076 3528 V

65 3551 116 3600 517
134 3547 208 3616 ipse,
228 3548 259 3600 ut
277 3547 388 3616 opinor,
407 3547 522 3616 paulum
540 3545 707 3600 immutarit.
