2544 3952
323 196 389 250 ΜΒ.
409 195 442 252 V.
471 195 690 253 CAP.10-12.
718 202 875 263 sao-ac.
1041 197 1106 262 437

95 358 246 442 pateticis
269 357 395 423 dicere?
440 357 522 422 Rem
546 358 632 423 enim
656 359 771 443 opinor
790 359 930 442 spectari
951 363 1108 444 oportere,

94 468 162 510 non
185 447 293 510 verba.

162 534 211 600 M.
234 533 283 598 Tu
310 534 439 619 quidem
466 534 597 600 tabellis
621 535 804 620 obsignatis
832 537 903 622 agis
926 539 1109 600 mecumet
1126 547 1160 596 33

94 623 298 706 testificariS,
335 622 411 706 quid
445 620 579 687 dixerim
612 623 786 708 aliquando
824 626 880 688 aut
916 624 1108 708 scripserim.

66 709 178 776 sCum
198 710 271 774 aliis
295 710 487 793 istomodo,
511 711 566 794 qui
589 711 750 796 legibus
740 712 875 795 unposit
876 711 904 776 is
927 711 1037 813 disput
1039 717 1108 795 ant,

94 821 156 864 nos
175 799 210 862 in
229 798 363 862 diem
334 799 487 882 avimus
506 799 728 883 quodcumque
742 804 872 866 nostros
892 801 1016 877 animos
1034 821 1107 884 pro-

96 887 266 952 babilitate
298 887 470 970 percussit,
506 886 540 958 id
571 886 722 972 dicimus,
758 890 867 973 itaque
902 889 965 953 soli
997 911 1107 953 sumus

94 975 198 1039 liberi.
248 975 370 1040 Verum
396 979 519 1058 tamen,
548 976 701 1060 quoniam
729 977 768 1042 de
797 977 981 1042 constantia
1009 977 1107 1060 paulo

95 1067 171 1128 ante
196 1063 351 1146 diximus,
373 1083 440 1128 non
459 1084 520 1148 ego
543 1063 605 1129 hoc
628 1064 699 1129 loco
722 1064 756 1129 id
779 1064 996 1148 quaerendum
1019 1068 1108 1149 puto,

52 1174 80 1214 ιο
94 1173 248 1216 verumne
286 1152 343 1234 sit,
382 1151 468 1235 quod
504 1151 625 1217 Zenoni
661 1153 819 1236 placuerit
855 1153 1002 1237 quodque
1039 1153 1107 1218 eius

13 1279 16 1296 ι
96 1240 237 1305 auditori
261 1241 423 1323 Aristoni,
451 1240 572 1306 bonum
595 1261 664 1304 esse
687 1242 805 1325 solum,
829 1243 913 1324 quod
935 1240 1108 1306 honestum

13 1331 15 1348 ⁸
96 1333 196 1407 esset,
223 1328 291 1406 sed,
321 1329 348 1392 si
376 1329 423 1393 ita
450 1332 549 1411 esset,
576 1331 597 1410 †
623 1332 693 1393 tum
720 1333 757 1395 ut
786 1333 892 1393 totum
921 1329 984 1395 hoc
1013 1329 1109 1394 beate

94 1417 204 1483 vivere
226 1417 261 1480 in
279 1439 345 1482 una
362 1417 481 1481 virtute
499 1421 643 1499 poneret.
681 1417 787 1494 Quare
811 1417 921 1482 demus
944 1419 1006 1482 hoc
1030 1439 1107 1481 sane
1126 1427 1160 1478 34

95 1505 216 1589 Bruto,
237 1508 274 1568 ut
298 1506 342 1569 sit
364 1505 479 1569 beatus
503 1526 629 1587 semper
657 1506 799 1590 sapiens3
827 1527 923 1589 quam
948 1505 1010 1569 sibi
1033 1527 1108 1570 con·

54 1614 81 1655 15
96 1594 220 1676 veniat,
251 1594 321 1676 ipse
354 1593 482 1675 viderit3
515 1592 620 1678 gloria
647 1593 776 1676 quidem
804 1593 899 1658 huius
932 1593 1108 1658 sententiae

11 1679 20 1720 i
96 1681 170 1765 quis
195 1685 244 1745 est
266 1681 326 1746 illo
350 1682 420 1746 viro
444 1680 594 1766 dignior?
635 1679 705 1746 Nos
729 1686 839 1746 tamen
862 1685 1042 1765 teneamus,
1072 1684 1109 1746 ut

97 1770 142 1835 sit
164 1769 248 1833 idem
271 1769 488 1834 beatissimus.

163 1857 221 1939 Et,
249 1858 277 1922 si
305 1857 390 1922 Zeno
419 1855 555 1940 Citieus,
585 1857 707 1921 advena
734 1857 864 1941 quidam
892 1860 924 1921 et
951 1857 1105 1942 ignobilis
1118 1862 1159 1925 12

96 1946 269 2011 verborum
301 1945 423 2030 opifex,
459 1945 640 2010 insinuasse
671 1966 705 2008 se
737 1947 772 2009 in
804 1949 971 2030 antiquam
1002 1945 1107 2028 philo·

55 2056 82 2097 ιο
98 2034 247 2118 sophiam
270 2033 358 2098 videt
344 2038 411 2186 tur,
433 2033 530 2097 huius
554 2033 733 2097 sententiae
757 2034 900 2118 gravitas
924 2055 943 2098 a
962 2033 1108 2098 Platonis

10 2179 11 2182 ,
97 2121 289 2188 auctoritate
306 2126 428 2273 trepeta
429 2125 495 2206 tur,
527 2121 612 2204 apud
642 2142 739 2204 quern
767 2142 862 2206 saepe
890 2121 970 2186 haec
1002 2125 1074 2186 orat
1075 2123 1107 2187 io

98 2213 329 2294 usurpa-ta,
271 2213 320 2274 est
347 2210 479 2274 utnihil
497 2212 589 2294 praet
590 2231 623 2273 er
637 2210 722 2273 virtu
723 2213 789 2274 tem
806 2210 964 2275 diceretur
978 2211 1108 2276 bonum.

96 2299 229 2363 Velut
219 2321 255 2362 ιιι
274 2232 396 2383 Goigia
414 2296 578 2380 Socrates,
601 2319 673 2362 cum
692 2301 778 2362 esset
797 2319 835 2362 ex
855 2320 892 2363 eo
915 2300 1107 2382 quaesitum,

97 2373 307 2470 Archelaum,
329 2385 500 2452 Perdiccae
523 2348 639 2468 filium,
662 2385 715 2469 qui
739 2390 808 2450 tum
831 2386 985 2450 fortunat'
962 2388 1106 2450 tissimus

56 2499 82 2538 25
97 2475 285 2558 haberetur,
303 2496 408 2539 nonne
427 2475 557 2539 beatum
576 2477 719 2557 putaret,
742 2471 850 2538 Haud
870 2475 962 2553 scio,
987 2475 1106 2559 inquit3
1124 2494 1158 2542 35

96 2585 300 2646 numquam
324 2563 421 2628 enim
445 2584 527 2627 cum
550 2583 592 2626 eo
619 2562 846 2626 conlocutus
866 2583 953 2625 sum.
974 2597 1012 2607 -
1032 2561 1106 2626 Ain

96 2651 160 2716 tu?
189 2652 309 2716 aliter
336 2650 374 2714 id
397 2651 497 2714 scire
520 2671 594 2714 non
620 2653 686 2733 pot
672 2649 814 2713 test-
843 2649 960 2715 Nullo
988 2650 1106 2716 modo.

98 2775 139 2787 —
177 2737 277 2804 Τιι
268 2739 342 2823 rgit
348 2761 391 2803 ur
426 2760 470 2802 ne
507 2739 550 2802 de
585 2736 786 2802 Persarum
828 2739 978 2821 quidem
1017 2759 1108 2823 rege

96 2849 234 2929 magno
262 2831 372 2910 potes
400 2826 539 2909 dicere,
568 2826 755 2891 beatusne
783 2826 926 2890 siar-
957 2826 1014 2890 An
1036 2847 1105 2910 ego

56 2916 256 3018 aopossim,
285 2935 365 2979 curn
392 2915 577 2999 ignorem,
605 2936 715 2998 quarn
745 2913 797 2978 sit
819 2914 967 2997 doetus,
996 2936 1106 2998 quarn

95 3005 154 3068 vir
177 3002 384 3068 bonus?—
407 3001 526 3079 Quid?
549 3003 621 3066 tu
612 3024 650 3065 rn
674 3023 716 3066 eo
739 3003 854 3067 sitam
875 3003 995 3078 vitani
1018 3003 1105 3066 bea·

70 3097 172 3156 tarn
190 3090 389 3175 putas?—
348 3090 468 3155 —Ita
485 3111 644 3173 prorsus
664 3090 860 3175 existimo,
877 3093 998 3155 bonos
1017 3090 1105 3154 bea-

95 3185 170 3264 tos,
199 3180 397 3264 improbos
425 3179 595 3244 miseros.
629 3214 665 3225 -
697 3176 814 3242 Miser
844 3199 933 3263 ergo
965 3177 1105 3243 Arche·

95 3268 203 3334 laus?
227 3303 268 3315 —
293 3265 421 3352 Certe,
447 3267 479 3332 si
506 3267 684 3331 iniustus.
710 3302 750 3312 —
774 3266 952 3332 Videturnc
976 3287 1105 3332 omnem

56 3381 81 3421 ss
94 3358 148 3422 hic
170 3357 301 3422 beatam
319 3356 421 3421 vitam
444 3356 478 3420 in
500 3376 565 3419 una
582 3355 704 3421 virtute
722 3354 864 3438 ponere?
901 3354 984 3431 Quid
1005 3353 1104 3420 vero?
1123 3375 1157 3424 36

95 3446 130 3510 in
162 3444 341 3529 Epitaphio
374 3463 437 3529 quo
470 3441 564 3507 modo
596 3441 704 3508 idem?
761 3439 870 3507 ‘Nam
903 3443 963 3507 cui
994 3442 1105 3525 viro',

95 3534 214 3618 inquit,
247 3533 307 3596 ‘ex
340 3553 378 3598 se
409 3530 493 3614 ipso
526 3535 617 3615 apta
649 3535 738 3595 sunt
770 3532 909 3615 omnia,
938 3551 1032 3614 quae
1061 3531 1105 3596 ad
