2470 3962
340 169 408 224 LIB.
427 169 448 225 Ι.
477 169 555 226 OAP.
573 175 602 238 5,
622 176 648 226 6.
674 175 689 236 ἢ
710 175 829 228 18-24.
1048 172 1088 234 11
1162 219 1165 226 ,

13 316 16 325 ’
79 309 415 416 quadam'socictate.
462 334 511 397 Ac
539 333 577 398 de
605 353 732 398 summo
759 333 888 416 quidem
916 337 1013 418 atque
1035 357 1091 400 na·

80 419 180 484 turali
209 420 296 486 bono
319 420 366 484 sic
389 424 506 504 agunt3
535 423 640 485 catera
668 424 776 485 autem
801 423 961 503 pertinere
988 421 1030 488 ad
1059 422 1091 486 id

81 511 202 591 putant
221 513 278 572 aut
297 508 521 592 adaugendum
545 512 602 572 aut
624 508 811 590 tenendum,
835 513 871 574 ut
894 509 1033 594 divitias,
1055 515 1104 576 ut-

82 617 173 679 opes,
201 598 239 660 ut
265 596 417 680 gloriam,
444 601 482 661 ut
508 597 658 680 gratiam.
712 595 764 661 Ita
791 597 960 680 tripartita
984 598 1026 662 ab
1052 598 1092 662 iis

56 683 248 748 sinducitur
267 676 354 749 ratio
377 684 543 749 bonorum.

170 771 279 856 Atque
306 772 386 837 haec
418 773 476 838 illa
508 777 583 838 sunt
611 773 676 837 tria
703 792 834 856 genera,
864 791 945 858 quae
978 777 1094 860 putant
1111 743 1145 868 ἐξ

82 859 228 944 plerique
256 860 489 944 Peripateticos
518 861 631 926 dicere.
680 859 718 925 Id
745 861 873 945 quidem
900 883 966 926 non
995 863 1092 946 fals03

83 953 133 1014 ast
168 948 255 1012 eninr
290 948 370 1012 hacc
401 949 536 1032 partitio
568 950 714 1031 illorum,
748 949 828 1013 illud
863 949 1093 1033 imprudenter,

84 1037 111 1100 si
151 1036 233 1122 alios
267 1059 336 1102 esse
373 1037 582 1102 Academicos
619 1039 640 1117 †
676 1038 731 1120 qui
767 1037 843 1102 dum
880 1038 1093 1122 appellantur,

48 1150 71 1187 10
84 1124 166 1188 alios
188 1123 422 1208 Peripateticos
447 1125 653 1190 arbitrantur.
694 1123 882 1190 Communis
905 1127 985 1191 haec
1007 1127 1092 1192 ratio

83 1215 116 1276 et
133 1213 280 1296 utrisque
297 1212 351 1278 hic
369 1212 528 1278 bonorum
546 1213 620 1278 finis
639 1213 822 1298 videbatur,
841 1213 988 1298 adipisci,
1012 1236 1093 1299 quac

83 1305 194 1364 essent
215 1301 321 1384 prima
343 1305 461 1366 natura
484 1323 629 1386 quaeque
649 1301 797 1385 ipseper
819 1323 887 1368 sese
907 1304 1093 1387 expetenda,

84 1391 141 1452 aut
173 1390 283 1454 omnia
314 1393 371 1454 aut
402 1391 552 1454 maxima.
608 1388 659 1454 Ea
694 1394 769 1456 sunt
805 1393 913 1455 autem
945 1391 1094 1474 unanima,

84 1498 166 1562 quae
194 1477 229 1542 in
257 1478 329 1560 ipso
357 1479 464 1542 animo
493 1481 590 1561 atque
616 1479 651 1542 in
679 1478 752 1562 ipsa
774 1479 894 1545 virtute
916 1483 1094 1544 versantur.

49 1563 200 1650 altaque
228 1566 333 1630 omnis
361 1565 421 1630 illa
447 1567 579 1649 antiqua
605 1565 814 1650 philosophis
840 1567 942 1630 sensit
968 1568 1003 1632 in
1029 1589 1095 1632 una

84 1654 207 1718 virtute
222 1676 292 1718 esse
310 1655 453 1737 positam
471 1655 602 1718 beatam
619 1655 730 1736 vitam,
748 1675 808 1718 nec
823 1658 934 1718 tamen
948 1655 1095 1720 beatissi-

1 1786 2 1824 3
83 1763 186 1826 mam,
211 1742 276 1806 nisi
304 1741 554 1827 adiungerentur
580 1745 613 1806 et
639 1742 782 1826 corporis
811 1745 844 1806 et
866 1746 987 1825 cetera,
1013 1765 1095 1826 quae

85 1853 186 1914 supra
215 1829 302 1910 dicta
328 1834 416 1912 sunt,
444 1831 485 1894 ad
513 1830 640 1896 virtutis
668 1853 762 1895 usum
788 1830 912 1898 idonea.
961 1829 1012 1895 Ex
1033 1830 1095 1895 hac
1114 1849 1148 1896 23

85 1918 298 2001 discriptione
326 1919 442 2002 agendi
471 1940 597 2002 quoque
626 1919 746 2002 aliquid
774 1919 809 1982 in
835 1919 906 1984 vita
936 1921 969 1984 et
998 1917 1096 1984 officii

49 2007 190 2090 suipsius
208 2006 338 2072 initium
355 2007 590 2091 reperiebatur,
609 2007 693 2090 quod
712 2010 782 2071 crat
797 2008 832 2071 in
850 2008 1095 2074 conservatione

86 2117 197 2160 aarum
221 2116 327 2158 rerum
332 2145 342 2178 ,
364 2117 443 2178 quas
465 2099 583 2160 natura
600 2095 842 2178 praescriberet.
878 2095 965 2160 Hinc
984 2097 1095 2180 gigne·

86 2185 183 2248 batur
205 2183 284 2268 fuga
306 2183 446 2248 desidiae
465 2184 731 2268 voluptatumque
751 2185 957 2268 contemptio,
975 2205 1014 2248 ex
1033 2205 1095 2268 quo

86 2271 237 2336 laborum
254 2271 462 2356 dolorumque
476 2272 637 2355 susceptio
653 2272 830 2336 multorum
843 2293 1096 2358 magnorumque

87 2359 169 2424 recti
195 2358 385 2443 honestique
413 2382 512 2424 causa
539 2363 572 2424 et
599 2381 709 2424 carum
740 2381 860 2442 rerum,
892 2382 973 2444 quac
1006 2363 1097 2424 erant

51 2451 305 2532 incongruentes
338 2469 418 2514 ¹cunr
457 2447 711 2532 praescriptione
751 2451 900 2529 naturae,
940 2447 1024 2512 unde
1065 2451 1098 2511 et

89 2536 233 2600 amicitia
255 2536 432 2600 exsistebat
460 2539 492 2600 et
519 2536 645 2600 iustitia
673 2538 769 2618 atquc
793 2536 953 2619 aequitas,
979 2557 1096 2620 eaeque

89 2628 122 2688 et
149 2623 370 2707 voluptatibus
398 2628 430 2688 et
457 2624 570 2689 multis
604 2623 689 2687 vitae
718 2623 894 2688 commodis
927 2627 1099 2707 antepone—

1 2776 3 2782 ,
88 2713 217 2776 bantur.
257 2711 498 2796 Haec-quidem
520 2712 583 2776 fuit
602 2711 686 2796 apud
709 2733 764 2777 eos
785 2733 911 2777 morum
934 2712 1097 2778 institutio
1172 2747 1178 2754 ·

91 2803 124 2864 et
160 2801 229 2864 eius
266 2801 383 2884 partis,
415 2823 513 2885 quam
544 2801 682 2884 primam
717 2801 824 2884 posui,
860 2800 966 2866 forma
1002 2805 1098 2884 atque

52 2912 76 2953 so
91 2888 268 2972 discriptio.
788 2947 790 2952 ,

155 2975 206 3041 De
237 2979 355 3042 natura
382 2981 488 3043 autem
519 2975 567 3063 (id
594 2977 680 3041 enim
707 2973 914 3062 sequebatur)
941 2977 989 3041 ita
1018 2977 1099 3041 dice·
1118 2995 1153 3042 24

91 3066 184 3149 bant,
212 3075 249 3128 ut
271 3087 343 3131 earn
366 3066 546 3131 dividerent
568 3065 603 3130 in
624 3087 676 3129 res
703 3063 795 3146 duas,
822 3069 859 3129 ut
886 3066 989 3130 altera
1016 3069 1101 3129 esset

1 3155 2 3158 ’
92 3153 250 3236 efficiere,
287 3154 391 3220 altera
425 3157 533 3220 autern
566 3154 658 3237 quasi
693 3152 769 3217 huic
801 3174 835 3216 sc
870 3154 1044 3236 praebens*
1064 3173 1101 3216 cc

94 3263 194 3327 eaque
222 3242 402 3308 efficeretur
429 3241 559 3325 aliquid.
608 3241 649 3306 In
671 3262 722 3324 eo,
749 3241 835 3324 quod
857 3241 1011 3323 efficeret,
1034 3241 1100 3304 rim

55 3354 80 3394 a
92 3352 161 3396 esse
180 3331 365 3414 censebant,
381 3331 416 3394 in
434 3351 471 3396 eo
491 3334 608 3412 autern,
626 3330 711 3413 quod
728 3329 914 3410 efficeretur,
932 3329 1101 3392 materiam

92 3419 268 3504 quandam,
300 3419 335 3482 in
369 3422 506 3502 utroque
532 3421 643 3482 tamen
669 3422 854 3500 utrumque3
881 3437 987 3500 neque
1016 3416 1101 3482 enim

92 3507 264 3572 materiam
291 3507 398 3589 ipsam
425 3505 595 3572 cohaerere
622 3505 779 3590 potuisse,
810 3503 950 3570 siuuUa
971 3503 1004 3566 vi
1028 3521 1102 3568 con·
