2564 3950
352 197 420 256 Lm.
438 199 485 256 III.
513 199 590 256 CAP.
610 205 698 256 7-9.
727 206 742 268 5
762 205 884 258 15-20.
1057 200 1123 268 363

113 364 143 428 si
167 362 254 427 nihil
282 360 338 449 sit)
366 362 407 427 ab
438 384 489 444 eo,
521 363 606 447 quod
637 363 888 448 nequicquam
918 366 968 429 est
997 363 1031 429 in
1062 364 1124 428 tali

112 449 259 534 homine,
286 472 325 516 cx
352 473 415 535 quo
442 451 527 516 idem
554 451 673 516 nihili
703 451 828 517 dicitur.
878 451 940 528 Qui
968 451 1012 517 sit
1036 450 1124 536 frugi

112 539 215 624 igitur
240 539 306 623 rel,
337 539 366 604 si
397 539 518 623 maris,
545 539 731 604 moderatus
763 542 796 604 et
821 543 1020 623 temperans,
1050 559 1124 605 eum

3 627 4 640 ¹
110 647 243 707 necesse
280 630 331 692 est
367 648 439 692 esse
474 631 690 711 constantem3
726 627 781 712 qui
817 630 925 694 autem
960 631 1122 710 constans,

82 715 274 800 squietum3
307 715 363 800 qui
394 715 538 800 quietus,
569 715 816 799 perturbatione
853 715 941 782 omni
977 736 1122 798 vacuum,

112 823 191 888 ergo
215 803 313 868 etiam
336 803 544 888 aegritudine.
579 803 625 868 Et
643 807 720 869 sunt
742 803 802 869 illa
823 804 993 888 sapientis;
1017 803 1123 870 aberit

110 891 213 976 igitur
236 914 255 956 a
277 891 424 975 sapiente
447 891 626 976 aegritudo.

178 977 292 1063 Itaque
322 999 389 1043 non
418 979 534 1044 inscite
565 977 775 1045 Heracleotes
804 979 983 1065 Dionysius
1011 979 1052 1045 ad
1082 981 1159 1045 ea9

110 1066 272 1151 disputat,
299 1088 381 1152 quac
405 1065 490 1151 apud
512 1066 691 1132 Homerum
713 1067 859 1134 Achilles
882 1068 1028 1154 queritur
1050 1067 1121 1151 hoc,

66 1179 97 1224 rr
110 1160 149 1220 ut
173 1156 301 1240 opinor,
322 1154 432 1219 modo:

201 1267 348 1355 Corque
375 1291 496 1334 meum
527 1269 682 1354 penitus
713 1269 908 1356 turgescit
934 1269 1120 1374 tristibus

946 1379 1018 1424 rrrs

199 1443 290 1511 Cum
313 1445 449 1513 decore
472 1449 584 1531 atque
607 1445 711 1512 omni
729 1466 785 1512 me
808 1447 984 1598 orbatuqr
1007 1409 1120 1512 ltudc

840 1555 950 1599 recor
981 1555 1030 1600 or.

108 1658 198 1726 Num
215 1681 330 1724 manus
349 1657 474 1724 adfecta
491 1661 578 1723 recte
601 1661 664 1742 est,
687 1678 760 1722 cum
781 1656 817 1723 in
833 1661 961 1723 tumore
982 1661 1041 1739 est,
1063 1660 1121 1724 aut
1139 1673 1172 1724 19

109 1769 189 1811 num
208 1746 297 1812 aliud
320 1746 493 1831 quodpiam
510 1745 692 1811 membrum
709 1744 869 1810 tumidum
895 1767 933 1810 ac
955 1743 1120 1830 turgidum

68 1860 96 1902 rs
109 1857 177 1902 non
199 1835 315 1900 vitiose
338 1856 373 1899 se
394 1833 517 1900 habet?
562 1831 615 1899 Sic
641 1833 743 1918 igitur
770 1831 901 1900 inflatus
929 1835 962 1898 et
992 1836 1119 1898 tumens

1 1909 3 1962 7
111 1923 239 1990 animus
262 1923 298 1987 in
319 1922 399 1988 vitio
423 1925 482 1988 est.
527 1920 689 2005 Sapientis
713 1925 822 1987 autffln
844 1923 969 1988 animus
993 1942 1120 2005 semper

110 2015 206 2078 vacat
227 2009 325 2092 sitio,
345 2006 529 2096 numquam'
544 2009 714 2096 turgescit,
741 2031 916 2095 numquam
942 2012 1059 2094 tumet3
1085 2011 1120 2074 at

1 2147 2 2150 ,
110 2100 364 2172 iratusanimus
384 2095 560 2163 eiusmodi
583 2101 646 2181 est3
668 2120 844 2184 numquam
866 2098 969 2184 igitur
990 2098 1119 2181 sapiens

1 2261 2 2280 ,
110 2187 274 2270 incautum
291 2187 412 2251 namsi
429 2185 590 2271 irascitur,
607 2187 705 2250 etiam
721 2187 935 2272 concupiscit;
953 2187 1120 2272 proprium

1 2327 2 2340 ,
61 2297 93 2344 ao
111 2280 161 2340 est
183 2275 271 2362 enim
294 2275 369 2340 irati
391 2295 522 2359 cupere,
544 2296 565 2339 a
583 2295 647 2358 quo
665 2273 771 2340 laesus
791 2273 953 2359 videatur,
976 2275 1007 2340 ei
1024 2295 1121 2358 quam

1 2361 2 2398 ³
110 2383 297 2428 maxumum
320 2361 464 2428 dolorem
486 2363 626 2445 inurere3
651 2361 706 2446 qui
729 2365 837 2428 autem
860 2363 894 2427 id
915 2361 1121 2448 concupierit,

111 2473 185 2516 eum
213 2472 343 2516 necesse
372 2454 435 2535 est,
462 2449 492 2516 si
517 2449 551 2515 id
578 2453 769 2515 consecutus
794 2449 852 2534 sit,
881 2469 1001 2534 magno
1025 2471 1120 2533 opere

110 2539 239 2624 laetari,
271 2561 309 2604 ex
341 2561 404 2624 quo
435 2537 485 2621 fit,
516 2540 554 2603 ut
584 2537 692 2602 alieno
724 2536 810 2602 malo
837 2537 998 2623 ¹gaudeat;
1035 2535 1121 2622 quod

111 2627 264 2712 quoniam
281 2648 347 2692 non
365 2626 452 2691 cadit
472 2626 508 2691 in
531 2626 725 2710 sapientem,
746 2647 788 2691 ne
811 2628 848 2690 ut
868 2624 1028 2690 irascatur
1051 2625 1120 2709 qui·
1278 2699 1279 2708 ἵ

1 2727 2 2734 ’
67 2737 96 2785 cs
111 2715 184 2780 dem
203 2714 299 2780 cadit.
334 2712 393 2780 sin
412 2717 519 2780 autem
537 2713 667 2780 caderet
688 2713 724 2778 in
746 2715 926 2798 sapientem
943 2712 1120 2799 aegritudo,
1278 2715 1279 2790 i

111 2803 240 2869 caderet
266 2802 366 2868 etiam
392 2801 570 2868 iracundia·
601 2824 666 2887 qua
692 2801 846 2886 quoniam
876 2805 985 2885 vacat,
1017 2800 1120 2886 aegri·
1278 2799 1279 2848 i

110 2891 223 2956 tudine
251 2892 348 2956 etiam
374 2890 512 2956 vacabit
557 2852 689 2956 idtcnim
712 2890 741 2954 si
764 2890 894 2974 sapiens
923 2889 958 2954 'm
981 2889 1120 2976 aegritu·
1138 2901 1173 2951 20
1277 2853 1279 2993 t

111 2979 219 3048 dinem
239 2977 382 3044 incidere
404 2981 527 3063 posset,
549 2983 660 3062 posset
684 2977 783 3042 etiam
804 2977 840 3043 in
858 2977 1120 3060 misericordiam,

109 3070 222 3152 posset
254 3067 290 3132 in
318 3065 541 3132 invidentiam.
597 3065 673 3132 Non
702 3065 769 3130 dini
796 3065 998 3148 invidiam,
1038 3085 1119 3149 quae
1277 3051 1278 3118 i

68 3159 179 3223 ectum
212 3158 276 3239 est,
309 3176 382 3219 cum
408 3153 583 3238 invidetur,
614 3153 655 3218 ab
682 3152 854 3219 invidendo
883 3157 992 3218 autem
1020 3152 1119 3217 invi·

111 3241 243 3308 dantia
272 3247 360 3308 recte
392 3241 455 3307 dici
486 3244 610 3327 potest,
641 3245 678 3306 ut
710 3242 901 3327 effugiamus
931 3240 1133 3325 ambiguum*

110 3351 228 3398 nomen
249 3329 403 3414 invidiae,
426 3329 511 3415 quod
531 3331 666 3396 verbum
689 3327 820 3394 ductum
839 3332 888 3416 est
911 3351 930 3393 a
952 3329 1049 3394 nimis
1072 3328 1119 3393 in·
1276 3345 1278 3426 q

110 3419 229 3486 tuendo
253 3418 418 3484 fortunam
442 3418 587 3502 alterius,
609 3421 646 3482 ut
669 3416 776 3482 estin
798 3413 1000 3502 Melanippo:
1277 3505 1278 3512 ἵ

1275 3543 1277 3582 Ι

1275 3595 1277 3640 i

176 3531 360 3611 Quisnam
381 3532 518 3598 florem
537 3531 703 3598 xliberum
725 3529 870 3596 inuidit
892 3530 1034 3597 meum?
