2564 3950
319 259 387 316 tlt.
406 262 427 315 Ι.
456 260 532 315 CAP.
552 266 674 316 31-33.
703 267 858 327 §re-er.
901 256 905 264 '
1033 263 1098 329 309

153 427 199 487 Μ.
223 422 310 487 Bene
337 423 558 507 reprehendis,
587 427 618 489 et
647 443 680 488 se
707 424 771 489 isto
794 425 889 490 modo
912 439 964 490 res
989 426 1097 492 habet

2 566 3 575 ,
83 509 264 575 Credamus
287 511 388 596 igitur
410 510 567 577 Panaetio
591 535 610 576 a
630 511 768 577 Platone
791 533 849 578 suo
872 513 1096 579 dissentienti?
1117 519 1150 568 ⁷9

84 600 190 675 Quem
213 598 300 663 enim
323 600 474 664 omnibus
498 601 578 678 loeis
599 601 758 679 divinum,
780 617 876 684 quem
899 602 1097 686 sapientissi-

19 751 23 756 .
83 707 190 771 mum,
222 707 318 771 quern
355 687 608 772 sanctissimum,
646 711 742 774 quem
778 687 956 754 Homerum
992 690 1098 774 philo-

5 840 9 849 ,
54 777 263 860 rsophorum
292 777 450 861 appellat,
476 777 571 843 huius
600 777 684 842 hano
711 799 808 844 unam
834 779 1028 843 sententiam
1058 779 1096 844 de

4 910 10 963 Ι
84 861 324 930 inmortalitate
365 864 547 931 animorum
584 887 651 932 non
689 867 815 950 probat.
880 866 961 932 Volt
1002 868 1096 945 enim,

84 953 173 1037 quod
196 972 291 1019 nemo
313 958 427 1038 negat,
450 954 602 1039 quioquid
624 957 735 1019 natum
760 955 816 1038 sit,
839 956 983 1038 interire,
1005 957 1096 1022 nasei

5 1052 16 1089 -'
86 1046 196 1106 autem
224 1041 365 1126 animos,
394 1043 480 1126 quod
507 1043 648 1108 declaret
674 1064 784 1108 eorum
816 1043 1008 1127 similitudo,
1040 1046 1096 1128 qui

4 1151 5 1154 ’
84 1135 309 1214 procreentur,
341 1153 423 1215 quae
456 1132 554 1196 etiam
586 1131 621 1194 in
652 1132 803 1216 ingeniis,
833 1155 900 1198 non
928 1134 1033 1198 solum
1061 1134 1096 1198 in

3 1301 4 1308 ἵ
35 1244 68 1282 ιο
86 1219 276 1303 torporibus
300 1224 464 1304 appareat
502 1220 648 1284 Alteram
671 1223 780 1284 autem
802 1220 907 1286 adfert
928 1222 1096 1306 rationem,

3 1328 7 1337 ·
84 1305 169 1372 nihil
193 1324 277 1390 esse,
300 1307 386 1393 quod
410 1307 532 1392 doleat,
561 1309 640 1392 quin
662 1307 696 1372 id
719 1329 853 1393 aegrum
875 1331 945 1374 esse
969 1329 1095 1394 quoque
1178 1378 1182 1385 ,

83 1396 204 1480 possit,
228 1396 312 1480 qnod
331 1400 440 1461 autem
463 1397 498 1461 in
516 1397 665 1462 morbum
684 1397 790 1478 cadat,
813 1398 846 1462 id
867 1398 965 1463 etiam
988 1398 1096 1463 interi·

2 1542 3 1559 ,
84 1489 207 1570 turum3
246 1485 353 1550 dolere
385 1489 494 1550 autem
531 1487 669 1568 animos,
705 1505 784 1570 ergo
821 1487 920 1550 etiam
956 1487 1095 1552 interire.
1105 1535 1148 1598 33

2 1646 3 1655 ἵ
84 1571 176 1638 Haeo
203 1573 308 1638 refelli
334 1577 484 1658 possunt,
515 1579 590 1638 sunt
617 1575 702 1639 enim
729 1573 926 1658 ignorantis,
955 1597 1027 1639 oum
1056 1575 1095 1640 de
1114 1611 1148 1660 80
1210 1641 1214 1648 ,

35 1687 67 1726 15
86 1662 279 1726 aeternitate
311 1663 492 1727 animorum
524 1661 663 1746 dicatur,
694 1662 732 1726 de
764 1666 873 1727 mente
904 1663 979 1746 diei,
1013 1685 1095 1747 quae

2 1740 3 1759 ¹
85 1751 174 1814 omni
206 1750 337 1816 turbido
370 1755 461 1816 motu
494 1773 620 1834 semper
646 1754 751 1827 vaoet,
782 1771 849 1816 non
880 1751 918 1815 de
947 1751 1095 1835 partibus

83 1838 142 1921 iis,
168 1838 204 1902 in
231 1839 346 1923 quibus
370 1839 601 1925 aegritudines,
632 1840 698 1904 irae
727 1838 941 1924 libidinesque
968 1841 1122 1904 versem

83 1930 152 2010 tur,
179 1948 258 2011 quas
286 1928 327 2011 is,
356 1933 469 1993 eontra
491 1949 586 2011 quem
608 1928 688 1991 haee
716 1927 878 2011 dicuntur,
907 1930 1048 1992 sem'otas
1076 1950 1096 1991 a

84 2017 193 2078 mente
221 2019 255 2079 et
282 2015 440 2082 disclusas
467 2019 570 2100 putat.
614 2014 685 2079 Iam
709 2015 886 2081 similitudo
911 2016 1017 2100 magis
1041 2038 1095 2099 ap·

37 2129 66 2168 ao
84 2107 179 2186 paret
201 2103 235 2167 in
257 2103 384 2186 bestiis,
407 2125 543 2189 quarum
562 2104 662 2168 animi
681 2107 758 2170 sunt
775 2105 911 2170 rationis
935 2109 1096 2188 expertes3

84 2191 254 2256 hominum
277 2195 385 2256 autem
409 2192 587 2257 similitudo
611 2193 646 2257 in
669 2212 840 2276 corporum
862 2194 966 2277 figura
988 2194 1095 2277 magis

85 2283 206 2363 exstat,
234 2284 266 2344 et
293 2281 358 2365 ipsi
386 2281 486 2345 animi
513 2283 623 2366 magni
651 2280 751 2344 refert
783 2282 870 2365 quali
897 2282 931 2345 in
962 2301 1095 2364 torpore
1114 2325 1129 2375 ,ἒ

83 2367 184 2432 locati
215 2365 296 2434 sint'
342 2367 449 2433 Multa
480 2369 567 2433 enim
600 2390 617 2432 e
649 2389 782 2451 corpore
817 2369 978 2451 existunt,
1014 2391 1095 2452 quae

84 2459 204 2520 acuant
227 2461 380 2540 mentem,
408 2458 525 2541 inulta,
553 2478 634 2541 quae
662 2455 851 2522 obtundant.
901 2457 1095 2521 Aristoteles

39 2571 66 2610 aa
85 2543 216 2627 quidem
244 2544 291 2608 ait
319 2546 423 2610 omnis
450 2545 639 2630 ingeniosos
667 2544 916 2609 melancholicos
943 2565 1027 2627 esse,
1058 2549 1096 2608 ut

12 2684 17 2699 .
84 2651 148 2716 ego
172 2653 224 2696 me
247 2634 422 2698 tardiorem
442 2654 596 2697 essenon
613 2634 750 2697 moleste
772 2632 882 2696 feram.
919 2631 1097 2698 Enumerat

83 2720 221 2804 multos,
248 2721 344 2805 idque
373 2723 465 2804 quasi
492 2725 631 2803 constet,
663 2722 835 2804 rationem,
868 2742 925 2785 eur
951 2721 998 2784 ita
1029 2721 1096 2806 fiat,

84 2807 199 2872 adfert.
249 2807 371 2884 Quodsi
397 2813 491 2874 tanta
518 2809 567 2873 vis
596 2811 645 2873 est
672 2808 712 2872 ad
742 2808 889 2886 habitum
916 2810 1033 2873 mentis
1061 2811 1096 2874 in

83 2898 140 2978 iis,
165 2917 246 2980 quae
269 2897 447 2983 gignuntur
469 2897 504 2961 in
527 2917 660 2979 corpore
684 2894 737 2982 (ea
760 2901 836 2961 sunt
855 2901 975 2980 autem,
999 2919 1095 2982 quae-

37 3014 65 3053 so
83 3005 220 3069 eumque
239 2990 323 3070 sunt,
342 3008 423 3070 quae
438 2985 682 3050 similitudinem
701 2984 845 3069 faciant),
862 2986 945 3050 nihil
959 2986 1095 3050 necessi·

81 3073 163 3138 tutis
187 3073 305 3155 adfert,
328 3096 385 3138 our
406 3076 582 3138 nascantur
605 3072 716 3155 animi,
740 3073 924 3138 similitudo.
963 3073 1093 3139 Omitto
1113 3091 1146 3141 81

82 3161 371 3227 dissimilitudines.
403 3161 530 3226 Vellem
549 3161 660 3227 adesse
678 3165 790 3244 posset
805 3162 980 3225 Panaetius
1000 3158 1096 3246 (vixit

82 3272 157 3314 onm
176 3248 359 3335 Africano),
379 3271 566 3334 quaererem
586 3271 624 3313 ex
642 3270 695 3331 eo,
718 3249 808 3314 ouius
829 3271 959 3314 suornm
978 3248 1094 3312 similis

5 3287 8 3382 i
80 3339 198 3402 fnisset
225 3337 371 3402 Africani
397 3337 509 3402 fratris
536 3357 651 3421 nepos,
678 3337 761 3402 facie
795 3337 845 3401 vel
875 3337 993 3420 patris,
1025 3336 1095 3400 vita

5 3431 7 3482 l
37 3455 65 3494 aa
82 3426 228 3494 omnium
250 3427 450 3510 perditorum
467 3426 515 3490 ita
533 3425 663 3508 similis,
686 3430 723 3489 ut
741 3432 827 3490 esset
847 3424 944 3488 facile
963 3424 1094 3488 deterri·

5 3485 7 3596 i
80 3537 168 3598 mus3
196 3514 287 3579 ouius
315 3517 414 3580 etiam
443 3512 557 3578 similis
589 3512 623 3578 P.
651 3510 775 3596 Crassi,
808 3516 841 3576 et
873 3512 1029 3596 sapientis
1062 3517 1096 3578 et

5 3601 6 3610 ’
81 3603 261 3687 eloquentis
303 3608 336 3669 et
375 3603 472 3687 primi
512 3601 669 3682 hominis,
709 3621 811 3685 nepos
853 3601 1095 3685 multorumque
