2552 3966
342 197 409 251 ale.
428 197 462 253 11.
490 195 567 252 clP.
588 201 631 266 25,
650 203 691 252 ae.
724 201 880 260 seo-ee.
1060 197 1103 261 57

98 357 156 424 Sed
178 359 220 423 ab
242 359 309 426 hoe
332 360 469 440 credulo,
492 359 548 442 qui
569 380 746 443 numquam
765 359 878 423 sensus
896 359 1026 423 mentiri
1046 381 1105 443 pu-

96 451 152 532 tat,
174 447 387 512 discedamus.
423 447 528 524 Quid?
551 468 591 510 ne
605 469 691 512 nune
713 445 852 531 quidem,
874 469 948 512 cum
971 447 1027 513 ille
1047 447 1105 530 sol,

97 536 149 620 qui
171 539 266 600 tanta
289 535 480 601 incitatione
502 534 620 619 fertur,
647 538 696 618 ut,
720 535 868 598 celeritas
891 535 960 598 eius
983 539 1122 619 quanta,

98 624 151 708 sit,
172 645 214 689 ne
237 645 276 690 co
301 624 377 689 itari
400 624 529 708 quidem
551 623 669 707 possit,
699 626 809 688 tamen
830 622 924 687 nobis
949 625 1035 687 stare
1058 624 1104 686 vi·

69 711 229 776 adeatur?
276 644 339 776 ded
361 715 398 776 ut
410 711 564 792 ,minuam
587 711 854 794 controversiam,
876 710 991 794 videte,
1009 731 1103 794 quae·
1123 733 1159 783 83

98 821 142 884 so,
164 821 262 883 quam
285 800 320 866 in
343 821 442 884 parvo
466 800 507 864 lis
527 799 578 863 sit.
615 798 776 875 Quattuor
789 802 865 864 sunt
883 799 1000 883 capita,
1022 820 1103 882 quae

98 888 291 954 concludant
307 887 391 953 nihil
406 909 486 970 esse,
504 886 589 971 quod
601 886 703 970 nosci,
724 887 856 971 percipi,
878 886 1106 970 comprehendi

96 975 214 1060 possit,
251 975 291 1040 de
323 997 386 1060 quo
420 976 500 1040 haee·
535 978 607 1040 tota
639 975 786 1059 quaestio
819 977 876 1040 est.
926 973 955 1038 Ε
988 974 1104 1058 quibus

96 1064 237 1147 primum
260 1067 397 1128 estesse
416 1062 547 1148 aliquod
570 1062 674 1127 visum
696 1062 823 1147 falsum,
845 1063 1020 1128 seeundum
1038 1084 1106 1127 non

58 1173 84 1211 rc
96 1173 191 1235 posse
217 1151 252 1216 id
274 1152 406 1236 percipi,
427 1152 574 1234 tertium,
596 1152 683 1216 inter
705 1173 786 1235 quae
809 1151 881 1216 visa
902 1151 985 1216 nihil
1006 1151 1105 1215 inter·

97 1240 151 1323 sit,
182 1239 255 1303 fieri
281 1262 349 1304 non
378 1261 487 1324 posse,
519 1243 689 1304 uteorum
719 1239 785 1304 alia
815 1239 938 1324 percipi
968 1239 1106 1324 possint,

98 1327 251 1393 alienon
280 1328 420 1412 possint,
452 1330 604 1412 quartum
625 1327 752 1392 nullum
775 1349 844 1392 esse
868 1328 973 1392 visum
995 1348 1106 1392 verum

97 1438 227 1481 asensu
249 1415 439 1501 profectum,
462 1415 515 1481 cui
535 1437 602 1480 non
625 1416 808 1499 adpositum
827 1417 870 1480 sit
886 1415 992 1480 visum
1010 1415 1107 1498 aliud,

98 1505 183 1588 quod
206 1504 248 1568 ab
271 1527 310 1569 eo
328 1503 410 1569 nihil
433 1503 571 1588 intersit,
593 1504 742 1587 quodque
764 1503 886 1587 percipi
903 1525 970 1568 non
992 1502 1105 1586 possit.

57 1591 224 1658 15H01'um
247 1595 401 1677 quattuor
423 1592 567 1676 capitum
590 1592 765 1656 secundum
788 1595 821 1656 et
842 1591 975 1656 tertium
994 1612 1106 1656 omnes

96 1680 291 1765 concedunt,
312 1681 453 1764 primum
466 1679 628 1763 Epicurus
645 1700 712 1744 non
734 1678 802 1762 dat3
825 1700 893 1761 vos,
916 1678 1107 1762 quibuscum

96 1791 147 1834 res
167 1772 227 1851 est,
249 1769 283 1832 id
306 1789 432 1853 quoque
451 1767 634 1833 conceditis.
667 1765 778 1830 Omnis
802 1787 912 1851 pugna
935 1765 973 1830 de
991 1769 1105 1849 quanto

96 1861 154 1921 eat
210 1856 273 1933 Qui
307 1856 410 1940 igitur
438 1855 473 1920 P.
504 1853 673 1919 Servilium
702 1853 874 1919 Geminum
893 1852 1047 1937 uidebat,
1079 1854 1106 1917 si
1125 1875 1162 1925 84

97 1943 254 2022 Quintum
281 1966 315 2009 se
347 1945 455 2016 videre
487 1943 639 2027 putabat,
671 1942 835 2008 incidebat
865 1942 900 2006 in
928 1941 1107 2008 eiusmodi

59 2053 83 2093 a
96 2034 218 2117 visum,
246 2033 331 2116 quod
352 2033 477 2116 percipi
499 2053 566 2096 nou
588 2035 714 2115 posset,
741 2031 818 2116 quia
838 2031 930 2097 nulla
951 2034 1031 2096 nota
1052 2051 1107 2095 ve-

95 2143 169 2186 rum
194 2120 457 2206 distinguebatur
478 2141 497 2183 a
519 2119 618 2203 fals03
647 2142 711 2204 qua
740 2119 947 2184 distinctione
977 2119 1107 2184 sublata

95 2231 195 2294 quam
233 2209 370 2274 haberet
406 2209 442 2274 in
473 2205 508 2272 O.
538 2206 647 2291 Cotta,
686 2208 741 2292 qui
779 2208 829 2273 bis
866 2229 938 2273 cum
970 2207 1105 2272 Gemino

95 2298 211 2363 consul
234 2297 311 2376 fuit,
337 2295 542 2382 agnoscendo
567 2297 633 2360 eius
657 2296 744 2361 modi
765 2300 892 2379 notam,
919 2317 1000 2380 quae
1023 2294 1108 2359 falsa

96 2408 166 2452 esse
189 2407 258 2450 non
278 2385 410 2469 posset?
454 2383 565 2468 Negas
587 2387 715 2448 tantam
738 2383 982 2448 similitudinem
1003 2383 1038 2447 in
1059 2404 1107 2446 re-

58 2493 81 2534 sa
95 2497 170 2538 rum
195 2477 312 2538 natura
330 2495 410 2539 esse.
443 2472 574 2557 Pugnas
589 2472 730 2555 omnino,
753 2471 809 2536 sed
832 2493 903 2536 oum
922 2469 1107 2536 adversario

95 2561 198 2628 facili.
238 2557 288 2626 Ne
312 2562 355 2626 sit
377 2582 468 2643 sane;
490 2559 593 2625 videri
611 2562 695 2649 certe
718 2562 835 2643 potest.
880 2557 987 2622 Fallet
1008 2557 1110 2642 igitur

97 2671 244 2734 sensum,
276 2653 308 2713 et
337 2650 366 2714 si
388 2670 453 2714 una
478 2648 629 2712 fefellerit
656 2646 846 2732 similitudo,
878 2646 976 2710 dubia
998 2646 1109 2711 omnia

96 2737 282 2802 reddiderit.
318 2735 453 2804 Sublato
477 2736 562 2801 enim
585 2736 703 2801 iudicio
725 2735 792 2819 illo,
814 2757 877 2821 quo
901 2738 1030 2820 oportet
1052 2756 1107 2820 ag-

96 2826 204 2909 nosci,
217 2870 221 2876 ·
234 2825 361 2890 etiamsi
382 2825 453 2909 ipse
476 2824 550 2908 erit,
577 2846 673 2908 quem
696 2823 828 2909 videris,
859 2823 915 2909 qui
938 2824 999 2888 tibi
1022 2823 1108 2888 vide·

59 2934 86 2974 eo
98 2915 202 2996 bitur,
234 2916 345 2980 tamen
366 2934 432 2978 non
456 2933 494 2978 ea
515 2915 595 2977 nota
617 2912 786 2996 iudicabis,
819 2934 883 2996 qua
911 2911 990 2977 dicis
1014 2933 1108 2995 opor-

97 3007 175 3085 tere,
197 3004 318 3066 utnon
341 3001 447 3085 possit
467 3021 537 3065 esse
556 3000 698 3064 eiusdem
716 3000 804 3065 modi
825 3000 919 3065 falsa.
971 2998 1106 3075 Quando
1126 3019 1162 3070 at

99 3091 200 3174 igitur
231 3092 341 3173 potest
371 3090 434 3154 tibi
463 3088 499 3154 P.
531 3087 685 3154 Geminus
718 3087 857 3164 Quintus
887 3088 999 3172 videri,
1032 3086 1109 3171 quid

98 3177 200 3242 habes
224 3177 396 3262 explorati,
420 3199 476 3243 eur
497 3198 564 3241 non
586 3177 690 3259 possit
710 3176 772 3240 tibi
796 3174 893 3241 Cotta
916 3175 1030 3259 videri,
1053 3176 1109 3260 qui

99 3287 165 3330 non
188 3265 245 3349 sit,
268 3265 420 3350 quoniam
444 3264 566 3349 aliquid
588 3264 714 3328 videtur
736 3286 820 3348 esse,
842 3263 927 3348 quod
949 3284 1016 3328 non
1038 3262 1109 3327 est?

62 3374 88 3415 es
101 3352 220 3418 Omnia
242 3353 322 3418 dicis
346 3354 396 3419 rui
418 3353 547 3439 generis
570 3373 654 3435 esse,
685 3352 770 3417 nihil
793 3374 863 3416 esse
892 3351 991 3435 idem,
1023 3350 1109 3436 quod

100 3442 145 3506 sit
166 3439 266 3506 aliud.
307 3437 451 3506 Stoicum
474 3441 558 3507 istuc
582 3439 711 3524 quidem
732 3461 792 3505 nec
815 3439 987 3503 admodum
1010 3439 1108 3503 credi-

100 3530 173 3609 bile,
198 3527 335 3594 ‘nullum
359 3550 429 3594 esse
451 3528 559 3612 pilum'
577 3527 728 3591 omnibus
751 3526 848 3590 rebus
871 3525 980 3609 talem,
1004 3527 1111 3610 qualis
