2538 3956
184 228 249 294 436
380 227 678 283 TUSCULANARUM
695 224 998 282 DISPUTATIONUM

132 412 166 460 30
185 412 253 463 esse
276 391 402 475 possit?
451 389 527 456 Non
553 391 654 474 igitur
680 388 775 454 faeile
799 387 936 454 eoneedo
961 408 1066 471 neque
1091 385 1204 451 Bruto
1249 457 1250 462 η

183 501 256 544 meo
279 501 381 564 neque
406 479 628 543 communibus
651 476 818 562 magistris
841 498 900 541 nee
928 476 1092 539 veteribus
1123 475 1204 556 illis,

183 568 367 650 Aristoteli,
395 565 588 651 SpeusippO,
615 564 802 646 Xenocrati,
831 564 1013 641 Polemoni,
1040 567 1092 648 ut,
1126 585 1204 627 eum

184 678 235 740 ea,
263 677 345 740 quae
369 677 465 739 supra
488 653 684 736 enumeravi,
714 654 748 716 in
771 653 866 716 malis
889 655 1072 733 numerent,
1096 652 1201 715 iidem
1249 707 1250 730 ,

184 743 294 809 dieunt
312 765 438 826 semper
456 744 586 807 beatum
606 764 675 806 esse
694 742 881 824 sapientem.
919 739 1007 816 Quos
1027 740 1055 803 si
1078 741 1224 805 tituluss
1249 739 1250 812 Ῠ

183 832 236 896 hie
263 832 402 896 delectat
429 831 565 916 insignis
594 834 626 894 et
649 830 796 913 pulcher,
824 828 1027 914 Pythagora,
1051 826 1198 908 Socrate,

182 919 318 984 Platone
350 920 571 1003 dignissimus
601 918 754 983 inducent
780 918 924 981 animum
951 917 1023 1000 ille,
1057 937 1197 999 quorum
1249 945 1250 970 r

184 1009 352 1092 splendore
367 1007 546 1092 capiuntur,
559 1007 654 1090 vires,
668 1007 894 1088 valetudinem,
908 1005 1197 1089 pulchritudinem,

184 1097 323 1180 divitias,
341 1097 489 1179 honores,
509 1117 585 1179 opes
605 1099 808 1160 contemnere
827 1115 935 1178 eaque,
954 1114 1036 1176 quae
1050 1093 1104 1158 his
1119 1115 1196 1157 eon·
1249 1099 1250 1192 l

183 1186 283 1249 traria
302 1193 389 1266 sunt,
407 1205 466 1267 pro
484 1184 584 1248 nihilo
603 1184 730 1267 dusere3
749 1185 819 1246 tum
836 1185 992 1266 poterunt
1009 1181 1191 1246 clarissime
1207 1209 1231 1246 ro
1249 1193 1250 1250 l

183 1293 260 1336 voee
282 1272 427 1355 profiteri
451 1293 611 1357 seneque
640 1272 789 1337 fortunae
815 1272 939 1354 impetu
962 1291 1021 1335 nee
1044 1270 1193 1334 multitu-

184 1360 267 1424 dinis
282 1359 433 1444 opinione
446 1381 506 1424 neo
520 1360 629 1425 dolore
643 1381 702 1424 nee
721 1361 912 1443 paupertate
924 1359 1049 1441 terreri,
1069 1359 1192 1422 omnia-
1249 1405 1250 1442 ᾗ

184 1471 245 1534 que
269 1449 332 1514 sibi
354 1449 389 1512 in
413 1470 482 1513 sese
503 1470 572 1513 esse
594 1448 715 1532 posite,
737 1469 886 1512 neeesse
909 1447 1080 1531 quiequam
1102 1450 1192 1512 extre
1249 1449 1250 1484 ³

130 1557 164 1604 31
184 1560 276 1602 suern
304 1540 514 1620 potestatem,
543 1536 627 1620 quod
659 1536 777 1600 ducant
808 1535 844 1600 in
874 1535 978 1599 bonis.
1031 1533 1128 1599 Nune
1162 1539 1193 1598 et

182 1625 262 1690 haee
284 1625 387 1710 loqui,
409 1647 492 1709 quae
511 1628 586 1688 sunt
603 1625 716 1709 magni
734 1623 899 1689 cuiusdam
923 1627 955 1687 et
978 1622 1040 1686 alti
1062 1623 1136 1706 viri,
1161 1627 1191 1686 et
1204 1649 1228 1688 15
1249 1631 1250 1708 f

183 1715 307 1797 eadem,
330 1735 412 1797 quae
433 1714 563 1798 vulgus,
586 1713 621 1776 in
638 1712 733 1776 melis
754 1715 786 1775 et
808 1712 902 1776 bonis
926 1731 1097 1775 numerare
1117 1733 1191 1775 eon·

183 1803 252 1866 cedi
279 1802 368 1866 nullo
396 1801 492 1866 modo
520 1803 637 1884 potest.
682 1799 752 1876 Qua
779 1800 884 1884 gloria
911 1805 1091 1864 commotus
1115 1798 1192 1883 Epi-

182 1912 277 1954 eurus
296 1890 450 1973 exoritur3
469 1889 520 1954 eui
539 1889 650 1970 etiem,
669 1889 697 1952 si
716 1888 765 1952 dis
783 1888 901 1970 placet,
920 1885 1046 1950 videtur
1065 1908 1192 1970 semper

182 1978 310 2062 sepiens
338 1979 462 2042 beatus.
507 1976 572 2042 Hie
594 1977 754 2060 dignitate
780 1975 876 2040 huius
901 1975 1079 2040 sententiae
1104 1977 1192 2059 eapi-

181 2069 247 2148 tur,
271 2065 326 2129 sed
343 2087 519 2149 numquam
537 2065 570 2128 id
590 2065 721 2147 diceret,
745 2064 773 2128 si
791 2064 861 2147 ipse
880 2085 913 2128 se
931 2063 1065 2128 audiret.
1106 2062 1192 2140 Quid
1205 2093 1226 2129 rr
1249 2101 1250 2130 r

182 2157 231 2216 est
255 2153 353 2234 enim,
377 2152 461 2235 quod
484 2153 589 2216 minus
614 2151 795 2235 conveniat,
819 2174 916 2235 quam
938 2155 975 2216 ut
997 2151 1039 2234 is,
1062 2153 1118 2236 qui
1141 2154 1190 2217 vel

182 2262 343 2305 summum
366 2240 417 2304 vol
441 2240 545 2305 solum
567 2241 688 2304 melum
717 2240 861 2306 dolorem
884 2261 955 2304 esse
978 2239 1078 2323 dieat,
1105 2239 1192 2304 idem

182 2332 311 2393 senseat
347 2326 465 2403 ‘Quam
502 2328 565 2394 hoe
602 2351 698 2394 suave
733 2327 810 2392 estl'
847 2331 930 2409 tum,
967 2349 1040 2392 eum
1079 2327 1191 2393 dolore

182 2417 353 2501 erueietur,
380 2417 541 2482 dicturum
568 2439 638 2482 esse
666 2415 867 2500 sapientem?
919 2415 995 2481 Non
1022 2415 1125 2501 igitur
1153 2439 1191 2481 ex
1249 2459 1250 2498 3

182 2505 320 2590 singulis
339 2505 469 2570 vocibus
487 2505 673 2589 philosophi
691 2505 857 2588 spectandi
876 2507 964 2588 sunt,
991 2503 1046 2568 sed
1065 2525 1105 2568 ex
1121 2527 1191 2588 per·
1204 2532 1227 2572 25
1249 2505 1250 2568 ξ

181 2595 337 2676 petuitate
361 2597 457 2677 atque
480 2594 670 2658 constantia.

129 2685 168 2810 ἐξ
247 2715 288 2780 A.
315 2715 457 2780 Addueis
485 2737 550 2800 me,
577 2720 615 2780 ut
638 2716 700 2804 tibi
723 2714 894 2780 adsentiar.
940 2713 1003 2778 Sed
1029 2718 1087 2778 tue
1115 2738 1191 2799 quo·
1249 2755 1250 2790 ,

182 2825 242 2886 que
265 2803 337 2868 ride
360 2825 401 2868 ne
425 2804 623 2869 desideretur
645 2804 837 2868 constantia.
1249 2793 1250 2868 l

247 2931 292 2990 Μ.
317 2926 464 3002 Quonam
490 2926 608 2992 modo?

246 3032 287 3096 A.
316 3031 399 3108 Quia
425 3032 490 3118 legi
518 3037 611 3097 tuum
637 3054 739 3116 nuper
761 3036 913 3116 quartum
936 3032 974 3096 de
995 3031 1127 3114 finibus3
1155 3034 1189 3097 in
1202 3061 1226 3100 ro
1249 3059 1250 3112 r

121 3132 124 3140 ’
182 3141 219 3183 eo
243 3119 324 3185 mihi
347 3120 496 3185 videbare
520 3125 633 3186 eontra
657 3117 813 3185 Catonem
839 3121 999 3184 disserens
1023 3120 1084 3184 hoe
1108 3121 1188 3184 velle
1249 3121 1250 3204 l

182 3209 360 3292 ostendere,
384 3208 469 3291 quod
488 3209 568 3272 mihi
587 3208 715 3292 quidem
734 3209 904 3293 probatur,
927 3209 1011 3272 inter
1029 3207 1187 3273 Zenonem

103 3325 106 3332 ·
182 3299 214 3358 et
250 3295 483 3379 Peripateticos
519 3297 602 3360 nihil
636 3301 764 3381 praeter
799 3297 970 3361 verborum
1012 3296 1186 3361 novitatem

181 3383 347 3447 interesse.
393 3381 494 3458 Quod·
509 3385 537 3448 si
559 3385 607 3447 ita
630 3388 693 3466 est,
720 3383 795 3471 quid
819 3388 869 3448 est
892 3405 1021 3467 causae,
1050 3385 1137 3468 quin,
1159 3386 1185 3448 si
1249 3413 1250 3464 r

182 3465 320 3533 Zenonis
348 3470 468 3534 rationi
496 3475 747 3536 consentaneum
775 3471 818 3534 sit
846 3472 924 3535 satis
950 3491 1103 3554 maguam
1124 3473 1221 3538 rimer
1249 3483 1250 3488 ’

181 3555 216 3616 in
238 3556 357 3619 virtute
382 3577 450 3620 esse
474 3558 514 3621 ad
541 3558 635 3622 beate
658 3558 843 3634 vivendum,
870 3559 967 3622 liceat
994 3559 1080 3623 idem
1102 3557 1183 3624 Peri·
