2586 3950
335 203 401 258 LIB.
421 203 455 260 H.
485 202 561 257 CAP.
581 210 613 257 31
623 211 703 258 -33,
723 210 738 270 ξ
759 211 914 261 102-107.
1070 207 1133 270 163

119 361 260 426 ineunda
282 365 438 444 memoria
461 368 511 428 est
531 367 780 448 praeteritorum
799 368 982 432 malorum?
1005 373 1042 432 ut
1059 391 1133 452 pro·

119 450 233 515 rerbia
260 473 328 516 non
353 451 444 516 nulla
471 453 596 517 veriora
624 455 689 518 sint
717 477 814 538 quarn
841 459 948 524 restra
971 456 1133 540 dogmata.

119 537 229 624 Vulgo
253 541 338 603 enim
368 539 498 604 dieitur:
530 539 675 605 ‘Iucundi
699 543 763 606 aeti
786 542 942 627 labores',
965 565 1024 608 nee
1047 545 1132 608 male

0 683 4 696 .,
119 623 291 710 Euripides
329 625 545 712 (concludam,
583 629 610 692 11
642 635 769 714 potera,
805 630 936 716 Latine3
973 631 1131 696 Graecum

1 716 3 748 ¹
92 714 207 780 11111111
228 715 315 780 huno
337 737 464 780 versum
487 717 593 782 nostis
616 716 755 803 omnes):

166 835 300 903 Suavis
323 838 499 904 laborum
523 843 582 903 111
610 841 911 923 praeteritorum
939 844 1131 908 me‘moria.

121 977 184 1042 Sed
210 979 251 1042 ad
277 981 364 1044 bona
390 980 566 1062 praeterita
592 980 769 1046 redeamus.
821 981 909 1057 Quae
938 983 1009 1046 111
1037 983 1130 1048 vobis

120 1067 201 1130 talia
229 1067 423 1151 dicerentur,
451 1068 599 1152 qualibus
628 1065 663 1132 Ο.
690 1067 814 1133 Marius
842 1071 890 1134 uti
919 1073 1061 1154 poterat,
1096 1075 1131 1135 ut

120 1155 282 1239 expulsus,
300 1175 406 1239 egens,
423 1155 459 1219 in
476 1155 594 1239 palude
614 1156 786 1240 demersus,
804 1161 1012 1242 tropaeorum
1026 1181 1129 1224 reeor-

77 1269 105 1309 10
119 1243 249 1308 datione
271 1244 395 1308 leuaret
417 1243 562 1308 dolorem
586 1267 693 1328 suum,
717 1246 861 1310 audirem
881 1251 918 1328 et,
935 1247 1032 1330 plane
1055 1270 1128 1330 pro-

118 1332 239 1396 barem.
283 1329 352 1396 Neo
374 1331 460 1395 enim
482 1331 608 1397 absolvi
635 1332 731 1398 beata
753 1335 821 1398 vita
845 1335 1001 1418 sapientis
1024 1357 1129 1418 neque
1221 1335 1226 1341 ’

119 1420 159 1484 ad
182 1420 303 1484 exitum
325 1419 457 1503 perduoi
480 1420 612 1504 poterit,
636 1422 664 1484 si
686 1421 792 1504 prima
815 1445 957 1507 quaeque
981 1423 1063 1488 bene
1087 1423 1128 1488 ab
1206 1429 1208 1434 ’

119 1529 157 1572 10
190 1508 337 1572 consulta
369 1511 465 1592 atque
496 1508 582 1572 faeta
614 1508 716 1592 ipsius
749 1510 910 1575 oblivione
944 1512 1129 1576 obruentur.

89 1609 95 1622 '
119 1594 181 1661 Sed
208 1596 300 1660 robis
324 1596 527 1680 voluptatum
554 1601 780 1680 perceptarum
802 1599 980 1663 recordatio
1005 1595 1106 1662 vitam
1130 1611 1181 1662 101

78 1685 251 1749 1111111111
272 1683 365 1765 facit,
393 1687 426 1748 et
451 1684 580 1768 quidem
604 1706 737 1768 eorpore
759 1690 993 1769 perceptarum.
1043 1685 1129 1751 Nam

121 1773 148 1836 si
171 1793 251 1857 quae
271 1775 346 1836 sunt
364 1773 459 1856 aliae,
481 1772 602 1836 falsum
625 1777 676 1836 est
701 1774 805 1837 omnis
825 1773 925 1838 animi
943 1774 1128 1857 voluptates

0 1941 2 1944 ι
120 1881 190 1926 esse
218 1883 234 1923 e
263 1860 405 1943 eorporis
434 1860 598 1928 societate.
653 1857 806 1944 Corporis
839 1865 947 1926 autem
976 1862 1127 1945 uoluptas

120 1949 148 2012 si
167 1949 266 2012 etiam
285 1948 460 2031 praeterita
479 1949 630 2032 delectat,
651 1970 717 2014 non
735 1949 902 2034 intellego,
926 1971 982 2014 eur
1002 1950 1127 2014 Aristo-

108 2038 199 2101 teles
229 2035 453 2120 Sardanapalli
480 2037 681 2121 epigramma
706 2041 875 2120 tantopere
904 2037 1059 2121 derideat,
1094 2040 1128 2102 in

78 2148 181 2208 eoquo
214 2125 271 2189 ille
303 2147 358 2188 rex
391 2123 503 2207 Syriae
539 2125 696 2210 glorietur
724 2126 827 2190 omnis
856 2149 889 2191 se
918 2148 1025 2213 sexeum
1056 2127 1128 2192 libi-

121 2215 229 2278 dinum
261 2213 444 2296 voluptates
477 2213 659 2278 abstulisse.
714 2212 805 2289 Quod
838 2215 922 2278 enim
958 2236 999 2278 ne
1036 2215 1127 2278 vivus

122 2301 261 2384 quidem,
293 2300 413 2385 inquit,
445 2301 565 2366 diutius
595 2302 712 2366 sentire
747 2306 890 2385 poterat,
922 2324 1019 2385 quam
1052 2303 1127 2367 dum

120 2389 297 2470 fruebatur,
330 2411 392 2472 quo
425 2390 521 2454 modo
553 2390 586 2453 id
618 2390 726 2472 potuit
756 2394 883 2454 mortuo
917 2391 1127 2473 permanere?

119 2475 206 2542 Fluit
245 2478 345 2561 igitur
384 2478 534 2560 voluptas
577 2477 719 2561 eorporis
765 2483 798 2542 et
838 2479 944 2562 prima
984 2500 1128 2562 quaeque

78 2566 229 2630 11110111
261 2565 451 2648 saepiusque
477 2565 631 2650 relinquit
657 2587 788 2630 eausam
815 2566 1001 2648 paenitendi
1031 2587 1128 2650 quam
1200 2603 1204 2609 ·

119 2653 315 2718 recordandi.
359 2652 472 2736 Itaque
495 2652 629 2718 beatior
645 2652 819 2718 Africanus
842 2675 915 2718 oum
941 2655 1047 2736 patria
1070 2655 1127 2720 illo

119 2742 213 2807 modo
236 2741 385 2824 loquens:

183 2863 339 2946 Desine,
361 2863 493 2945 Roma,
515 2868 602 2928 tuos
625 2863 760 2928 hostes
776 2915 892 2930 ......

119 3005 302 3088 reliquaque
326 3004 505 3087 praeclare:
519 3020 533 3046 ⁶

79 3152 106 3190 ao
145 3127 238 3191 Nam
261 3127 336 3191 tibi
358 3127 616 3191 moenimenta
634 3129 707 3192 mei
732 3150 914 3213 peperere
937 3131 1099 3194 labores.

0 3262 5 3275 '
119 3267 298 3332 Laboribus
316 3267 368 3331 hio
387 3268 570 3352 praeteritis
589 3266 716 3352 gaudet,
734 3272 770 3332 tu
788 3269 879 3332 iubes
895 3269 1126 3351 voluptatibus,

119 3355 221 3420 ethio
242 3378 275 3420 11
295 3355 335 3420 ad
354 3377 392 3420 11
410 3359 552 3438 revocat,
575 3378 592 3419 e
616 3356 731 3440 quibus
749 3356 832 3420 nihil
853 3378 1006 3440 umquam
1025 3362 1127 3420 rettu-

118 3443 191 3508 lerit
214 3442 255 3508 ad
279 3465 407 3527 eorpus,
430 3447 465 3508 tu
487 3447 576 3508 totus
600 3443 711 3508 haeres
735 3445 770 3508 in
793 3465 935 3526 eorpore.

183 3531 267 3595 Illud
280 3536 389 3603 autem
403 3532 509 3614 ipsum
523 3531 578 3614 qui
593 3532 729 3596 obtineri
747 3535 864 3614 potest,
883 3533 967 3615 quod
986 3533 1103 3616 dicitis,
1128 3510 1178 3638 3)ss

912 3635 964 3687 11*
