<?xml version="1.0" encoding="UTF-8"?>
<!DOCTYPE html PUBLIC "-//W3C//DTD XHTML 1.0 Transitional//EN"
    "http://www.w3.org/TR/xhtml1/DTD/xhtml1-transitional.dtd">
<html xmlns="http://www.w3.org/1999/xhtml" xml:lang="en" lang="en">
 <head>
  <title>
</title>
<meta http-equiv="Content-Type" content="text/html;charset=utf-8" />
  <meta name='ocr-system' content='tesseract 3.04.00' />
  <meta name='ocr-capabilities' content='ocr_page ocr_carea ocr_par ocr_line ocrx_word'/>
</head>
<body>
  <div class='ocr_page' id='page_1' title='image "./scriptaquaemans00unkngoog_0274.png"; bbox 0 0 2568 3948; ppageno 0'>
   <div class='ocr_carea' id='block_1_1' title="bbox 334 207 1121 273">
    <p class='ocr_par' dir='ltr' id='par_1_1' title="bbox 334 207 1121 273">
     <span class='ocr_line' id='line_1_1' title="bbox 334 207 1121 273; baseline 0.006 -11"><span class='ocrx_word' id='word_1_1' title='bbox 334 207 401 262; x_wconf 89' lang='lat' dir='ltr'><strong>LIB.</strong></span> <span class='ocrx_word' id='word_1_2' title='bbox 421 208 468 263; x_wconf 89' lang='lat' dir='ltr'>lV.</span> <span class='ocrx_word' id='word_1_3' title='bbox 497 207 574 263; x_wconf 79' lang='lat' dir='ltr'>CAP.</span> <span class='ocrx_word' id='word_1_4' title='bbox 595 213 715 264; x_wconf 78' lang='lat'>17—19.</span> <span class='ocrx_word' id='word_1_5' title='bbox 744 213 759 273; x_wconf 68' lang='grc' dir='ltr'><strong>ἕ</strong></span> <span class='ocrx_word' id='word_1_6' title='bbox 778 213 901 265; x_wconf 72' lang='grc' dir='ltr'><strong>47-δῖ.</strong></span> <span class='ocrx_word' id='word_1_7' title='bbox 1058 209 1121 272; x_wconf 80' lang='grc'>221</span> 
     </span>
    </p>
   </div>
   <div class='ocr_carea' id='block_1_2' title="bbox 70 367 1176 3527">
    <p class='ocr_par' dir='ltr' id='par_1_2' title="bbox 70 367 1176 1598">
     <span class='ocr_line' id='line_1_2' title="bbox 110 367 1176 453; baseline 0.005 -19"><span class='ocrx_word' id='word_1_8' title='bbox 110 369 249 435; x_wconf 82' lang='lat' dir='ltr'>volunt?</span> <span class='ocrx_word' id='word_1_9' title='bbox 294 368 365 434; x_wconf 90' lang='lat' dir='ltr'>Iam</span> <span class='ocrx_word' id='word_1_10' title='bbox 397 373 454 434; x_wconf 89' lang='lat' dir='ltr'>aut</span> <span class='ocrx_word' id='word_1_11' title='bbox 480 367 632 453; x_wconf 78' lang='lat' dir='ltr'>Callipho</span> <span class='ocrx_word' id='word_1_12' title='bbox 660 374 717 434; x_wconf 88' lang='lat' dir='ltr'>aut</span> <span class='ocrx_word' id='word_1_13' title='bbox 743 369 905 435; x_wconf 87' lang='lat' dir='ltr'>Diodorus</span> <span class='ocrx_word' id='word_1_14' title='bbox 933 392 996 453; x_wconf 92' lang='lat' dir='ltr'>quo</span> <span class='ocrx_word' id='word_1_15' title='bbox 1027 371 1122 436; x_wconf 91' lang='lat' dir='ltr'>modo</span> <span class='ocrx_word' id='word_1_16' title='bbox 1142 391 1176 440; x_wconf 87' lang='lat'>50</span> 
     </span>
     <span class='ocr_line' id='line_1_3' title="bbox 110 457 1123 542; baseline 0.001 -20"><span class='ocrx_word' id='word_1_17' title='bbox 110 461 268 541; x_wconf 85' lang='lat' dir='ltr'>poterunt</span> <span class='ocrx_word' id='word_1_18' title='bbox 284 458 347 524; x_wconf 87' lang='lat' dir='ltr'>tibi</span> <span class='ocrx_word' id='word_1_19' title='bbox 366 457 453 522; x_wconf 89' lang='lat' dir='ltr'>istud</span> <span class='ocrx_word' id='word_1_20' title='bbox 473 458 659 540; x_wconf 88' lang='lat' dir='ltr'>concedere,</span> <span class='ocrx_word' id='word_1_21' title='bbox 677 458 733 542; x_wconf 89' lang='lat' dir='ltr'>qui</span> <span class='ocrx_word' id='word_1_22' title='bbox 751 457 792 522; x_wconf 89' lang='lat' dir='ltr'>ad</span> <span class='ocrx_word' id='word_1_23' title='bbox 808 458 1014 523; x_wconf 70' lang='lat' dir='ltr'><strong>honestatem</strong></span> <span class='ocrx_word' id='word_1_24' title='bbox 1033 460 1123 524; x_wconf 90' lang='lat' dir='ltr'>aliud</span> 
     </span>
     <span class='ocr_line' id='line_1_4' title="bbox 111 545 1124 630; baseline 0.001 -20"><span class='ocrx_word' id='word_1_25' title='bbox 111 545 307 630; x_wconf 80' lang='lat' dir='ltr'>adiungunt,</span> <span class='ocrx_word' id='word_1_26' title='bbox 335 545 421 628; x_wconf 91' lang='lat' dir='ltr'>quod</span> <span class='ocrx_word' id='word_1_27' title='bbox 448 567 487 609; x_wconf 87' lang='lat' dir='ltr'>ex</span> <span class='ocrx_word' id='word_1_28' title='bbox 514 545 626 610; x_wconf 90' lang='lat' dir='ltr'>eodem</span> <span class='ocrx_word' id='word_1_29' title='bbox 656 565 775 629; x_wconf 82' lang='lat' dir='ltr'>genere</span> <span class='ocrx_word' id='word_1_30' title='bbox 800 567 867 610; x_wconf 91' lang='lat' dir='ltr'>non</span> <span class='ocrx_word' id='word_1_31' title='bbox 893 545 957 612; x_wconf 85' lang='lat' dir='ltr'>sit?</span> <span class='ocrx_word' id='word_1_32' title='bbox 1010 546 1124 611; x_wconf 89' lang='lat' dir='ltr'>Placet</span> 
     </span>
     <span class='ocr_line' id='line_1_5' title="bbox 110 631 1123 718; baseline 0 -20"><span class='ocrx_word' id='word_1_33' title='bbox 110 634 214 718; x_wconf 80' lang='lat' dir='ltr'>igitur</span> <span class='ocrx_word' id='word_1_34' title='bbox 240 634 316 716; x_wconf 85' lang='lat' dir='ltr'>tibi,</span> <span class='ocrx_word' id='word_1_35' title='bbox 347 631 444 718; x_wconf 84' lang='lat' dir='ltr'>Cato,</span> <span class='ocrx_word' id='word_1_36' title='bbox 472 655 544 698; x_wconf 92' lang='lat' dir='ltr'>cum</span> <span class='ocrx_word' id='word_1_37' title='bbox 571 655 623 698; x_wconf 90' lang='lat' dir='ltr'>res</span> <span class='ocrx_word' id='word_1_38' title='bbox 652 633 827 717; x_wconf 84' lang='lat' dir='ltr'>sumpseris</span> <span class='ocrx_word' id='word_1_39' title='bbox 856 655 923 700; x_wconf 91' lang='lat' dir='ltr'>non</span> <span class='ocrx_word' id='word_1_40' title='bbox 945 655 1123 716; x_wconf 87' lang='lat' dir='ltr'>concessas,</span> 
     </span>
     <span class='ocr_line' id='line_1_6' title="bbox 82 720 1121 807; baseline 0 -21"><span class='ocrx_word' id='word_1_41' title='bbox 82 741 150 786; x_wconf 81' lang='lat' dir='ltr'>sex</span> <span class='ocrx_word' id='word_1_42' title='bbox 178 722 247 786; x_wconf 86' lang='lat' dir='ltr'>illis</span> <span class='ocrx_word' id='word_1_43' title='bbox 276 720 416 805; x_wconf 86' lang='lat' dir='ltr'>efficere,</span> <span class='ocrx_word' id='word_1_44' title='bbox 444 720 530 805; x_wconf 92' lang='lat' dir='ltr'>quod</span> <span class='ocrx_word' id='word_1_45' title='bbox 557 722 660 786; x_wconf 78' lang='lat' dir='ltr'>velis?</span> <span class='ocrx_word' id='word_1_46' title='bbox 711 721 782 786; x_wconf 90' lang='lat' dir='ltr'>Iam</span> <span class='ocrx_word' id='word_1_47' title='bbox 808 721 864 786; x_wconf 92' lang='lat' dir='ltr'>ille</span> <span class='ocrx_word' id='word_1_48' title='bbox 897 722 1026 806; x_wconf 90' lang='lat' dir='ltr'>sorites,</span> <span class='ocrx_word' id='word_1_49' title='bbox 1058 744 1121 807; x_wconf 91' lang='lat' dir='ltr'>quo</span> 
     </span>
     <span class='ocr_line' id='line_1_7' title="bbox 110 809 1121 894; baseline -0.002 -19"><span class='ocrx_word' id='word_1_50' title='bbox 110 809 195 875; x_wconf 89' lang='lat' dir='ltr'><strong>nihil</strong></span> <span class='ocrx_word' id='word_1_51' title='bbox 218 809 342 892; x_wconf 91' lang='lat' dir='ltr'>putatis</span> <span class='ocrx_word' id='word_1_52' title='bbox 366 830 436 874; x_wconf 87' lang='lat' dir='ltr'>esse</span> <span class='ocrx_word' id='word_1_53' title='bbox 460 809 625 873; x_wconf 86' lang='lat' dir='ltr'>vitiosius:</span> <span class='ocrx_word' id='word_1_54' title='bbox 653 809 738 894; x_wconf 91' lang='lat' dir='ltr'>quod</span> <span class='ocrx_word' id='word_1_55' title='bbox 766 811 887 875; x_wconf 92' lang='lat' dir='ltr'>bonum</span> <span class='ocrx_word' id='word_1_56' title='bbox 911 811 967 893; x_wconf 91' lang='lat' dir='ltr'>sit,</span> <span class='ocrx_word' id='word_1_57' title='bbox 996 810 1029 875; x_wconf 94' lang='lat' dir='ltr'>id</span> <span class='ocrx_word' id='word_1_58' title='bbox 1053 831 1121 874; x_wconf 85' lang='lat' dir='ltr'>esse</span> 
     </span>
     <span class='ocr_line' id='line_1_8' title="bbox 112 897 1123 982; baseline -0.001 -19"><span class='ocrx_word' id='word_1_59' title='bbox 112 897 271 981; x_wconf 88' lang='lat' dir='ltr'>optabile,</span> <span class='ocrx_word' id='word_1_60' title='bbox 304 897 389 981; x_wconf 93' lang='lat' dir='ltr'>quod</span> <span class='ocrx_word' id='word_1_61' title='bbox 421 897 576 982; x_wconf 88' lang='lat' dir='ltr'>optabile,</span> <span class='ocrx_word' id='word_1_62' title='bbox 603 897 636 961; x_wconf 92' lang='lat' dir='ltr'>id</span> <span class='ocrx_word' id='word_1_63' title='bbox 662 898 889 981; x_wconf 85' lang='lat' dir='ltr'>expetendum,</span> <span class='ocrx_word' id='word_1_64' title='bbox 917 898 1002 981; x_wconf 92' lang='lat' dir='ltr'>quod</span> <span class='ocrx_word' id='word_1_65' title='bbox 1030 920 1123 982; x_wconf 85' lang='lat' dir='ltr'>expe-</span> 
     </span>
     <span class='ocr_line' id='line_1_9' title="bbox 110 984 1122 1071; baseline -0.001 -20"><span class='ocrx_word' id='word_1_66' title='bbox 110 985 270 1066; x_wconf 78' lang='lat' dir='ltr'>tendum,</span> <span class='ocrx_word' id='word_1_67' title='bbox 286 985 319 1048; x_wconf 90' lang='lat' dir='ltr'>id</span> <span class='ocrx_word' id='word_1_68' title='bbox 346 984 521 1068; x_wconf 79' lang='lat' dir='ltr'>laudabile,</span> <span class='ocrx_word' id='word_1_69' title='bbox 553 985 628 1050; x_wconf 91' lang='lat' dir='ltr'>dein</span> <span class='ocrx_word' id='word_1_70' title='bbox 655 985 770 1068; x_wconf 83' lang='lat' dir='ltr'>reliqui</span> <span class='ocrx_word' id='word_1_71' title='bbox 797 985 926 1070; x_wconf 81' lang='lat' dir='ltr'>gradus.</span> <span class='ocrx_word' id='word_1_72' title='bbox 971 984 1033 1052; x_wconf 83' lang='lat' dir='ltr'>Sed</span> <span class='ocrx_word' id='word_1_73' title='bbox 1062 1007 1122 1071; x_wconf 83' lang='lat' dir='ltr'>ego</span> 
     </span>
     <span class='ocr_line' id='line_1_10' title="bbox 111 1073 1122 1158; baseline 0.001 -21"><span class='ocrx_word' id='word_1_74' title='bbox 111 1073 148 1137; x_wconf 91' lang='lat' dir='ltr'>in</span> <span class='ocrx_word' id='word_1_75' title='bbox 179 1073 243 1138; x_wconf 92' lang='lat' dir='ltr'>hoc</span> <span class='ocrx_word' id='word_1_76' title='bbox 270 1073 400 1158; x_wconf 72' lang='lat' dir='ltr'>resiste,</span> <span class='ocrx_word' id='word_1_77' title='bbox 435 1074 546 1138; x_wconf 87' lang='lat' dir='ltr'>eodem</span> <span class='ocrx_word' id='word_1_78' title='bbox 574 1074 661 1137; x_wconf 89' lang='lat' dir='ltr'>enim</span> <span class='ocrx_word' id='word_1_79' title='bbox 688 1073 784 1138; x_wconf 93' lang='lat' dir='ltr'>modo</span> <span class='ocrx_word' id='word_1_80' title='bbox 810 1073 871 1138; x_wconf 90' lang='lat' dir='ltr'>tibi</span> <span class='ocrx_word' id='word_1_81' title='bbox 900 1095 996 1138; x_wconf 90' lang='lat' dir='ltr'>nemo</span> <span class='ocrx_word' id='word_1_82' title='bbox 1024 1074 1122 1157; x_wconf 91' lang='lat' dir='ltr'>dabit,</span> 
     </span>
     <span class='ocr_line' id='line_1_11' title="bbox 70 1157 1120 1245; baseline 0.001 -20"><span class='ocrx_word' id='word_1_83' title='bbox 70 1187 97 1226; x_wconf 79' lang='lat' dir='ltr'>ro</span> <span class='ocrx_word' id='word_1_84' title='bbox 111 1161 197 1244; x_wconf 92' lang='lat' dir='ltr'>quod</span> <span class='ocrx_word' id='word_1_85' title='bbox 226 1161 439 1245; x_wconf 89' lang='lat' dir='ltr'>expetendum</span> <span class='ocrx_word' id='word_1_86' title='bbox 466 1161 523 1244; x_wconf 88' lang='lat' dir='ltr'>sit,</span> <span class='ocrx_word' id='word_1_87' title='bbox 549 1157 582 1224; x_wconf 91' lang='lat' dir='ltr'>id</span> <span class='ocrx_word' id='word_1_88' title='bbox 610 1181 680 1226; x_wconf 89' lang='lat' dir='ltr'>esse</span> <span class='ocrx_word' id='word_1_89' title='bbox 707 1161 880 1225; x_wconf 88' lang='lat' dir='ltr'>laudabile.</span> <span class='ocrx_word' id='word_1_90' title='bbox 933 1161 1017 1226; x_wconf 91' lang='lat' dir='ltr'>lllud</span> <span class='ocrx_word' id='word_1_91' title='bbox 1045 1184 1120 1226; x_wconf 85' lang='lat' dir='ltr'>vero</span> 
     </span>
     <span class='ocr_line' id='line_1_12' title="bbox 111 1248 1121 1334; baseline 0.001 -21"><span class='ocrx_word' id='word_1_92' title='bbox 111 1249 245 1313; x_wconf 90' lang='lat' dir='ltr'>minime</span> <span class='ocrx_word' id='word_1_93' title='bbox 278 1248 526 1333; x_wconf 68' lang='lat' dir='ltr'>consectarium,</span> <span class='ocrx_word' id='word_1_94' title='bbox 558 1249 612 1313; x_wconf 90' lang='lat' dir='ltr'>sed</span> <span class='ocrx_word' id='word_1_95' title='bbox 640 1249 675 1315; x_wconf 90' lang='lat' dir='ltr'>in</span> <span class='ocrx_word' id='word_1_96' title='bbox 700 1249 815 1332; x_wconf 90' lang='lat' dir='ltr'>primis</span> <span class='ocrx_word' id='word_1_97' title='bbox 845 1249 958 1334; x_wconf 85' lang='lat' dir='ltr'>hebes,</span> <span class='ocrx_word' id='word_1_98' title='bbox 990 1249 1121 1314; x_wconf 89' lang='lat' dir='ltr'>illorum</span> 
     </span>
     <span class='ocr_line' id='line_1_13' title="bbox 113 1336 1121 1421; baseline 0.002 -21"><span class='ocrx_word' id='word_1_99' title='bbox 113 1336 250 1419; x_wconf 87' lang='lat' dir='ltr'>scilicet,</span> <span class='ocrx_word' id='word_1_100' title='bbox 277 1358 344 1401; x_wconf 89' lang='lat' dir='ltr'>non</span> <span class='ocrx_word' id='word_1_101' title='bbox 369 1339 476 1419; x_wconf 90' lang='lat' dir='ltr'>tuum,</span> <span class='ocrx_word' id='word_1_102' title='bbox 508 1337 703 1420; x_wconf 70' lang='lat' dir='ltr'>gloriatione</span> <span class='ocrx_word' id='word_1_103' title='bbox 730 1337 863 1421; x_wconf 84' lang='lat' dir='ltr'>dignam</span> <span class='ocrx_word' id='word_1_104' title='bbox 892 1358 961 1402; x_wconf 89' lang='lat' dir='ltr'>esse</span> <span class='ocrx_word' id='word_1_105' title='bbox 991 1338 1121 1402; x_wconf 88' lang='lat' dir='ltr'>beatam</span> 
     </span>
     <span class='ocr_line' id='line_1_14' title="bbox 111 1424 1122 1510; baseline 0.002 -22"><span class='ocrx_word' id='word_1_106' title='bbox 111 1425 228 1507; x_wconf 83' lang='lat' dir='ltr'>vitam,</span> <span class='ocrx_word' id='word_1_107' title='bbox 251 1425 337 1509; x_wconf 90' lang='lat' dir='ltr'>quod</span> <span class='ocrx_word' id='word_1_108' title='bbox 359 1447 426 1490; x_wconf 88' lang='lat' dir='ltr'>non</span> <span class='ocrx_word' id='word_1_109' title='bbox 448 1424 553 1508; x_wconf 80' lang='lat' dir='ltr'>possit</span> <span class='ocrx_word' id='word_1_110' title='bbox 576 1425 646 1488; x_wconf 88' lang='lat' dir='ltr'>sine</span> <span class='ocrx_word' id='word_1_111' title='bbox 668 1424 839 1498; x_wconf 87' lang='lat' dir='ltr'>honestate</span> <span class='ocrx_word' id='word_1_112' title='bbox 863 1426 1058 1510; x_wconf 80' lang='lat' dir='ltr'>contingere,</span> <span class='ocrx_word' id='word_1_113' title='bbox 1083 1428 1122 1490; x_wconf 89' lang='lat' dir='ltr'>ut</span> 
     </span>
     <span class='ocr_line' id='line_1_15' title="bbox 111 1511 1173 1598; baseline -0.004 -23"><span class='ocrx_word' id='word_1_114' title='bbox 111 1513 181 1577; x_wconf 92' lang='lat' dir='ltr'>iure</span> <span class='ocrx_word' id='word_1_115' title='bbox 210 1512 380 1596; x_wconf 88' lang='lat' dir='ltr'>quisquam</span> <span class='ocrx_word' id='word_1_116' title='bbox 408 1511 574 1598; x_wconf 82' lang='lat' dir='ltr'>glorietur.</span> <span class='ocrx_word' id='word_1_117' title='bbox 622 1511 724 1576; x_wconf 90' lang='lat' dir='ltr'>Dabit</span> <span class='ocrx_word' id='word_1_118' title='bbox 752 1512 813 1576; x_wconf 91' lang='lat' dir='ltr'>hoc</span> <span class='ocrx_word' id='word_1_119' title='bbox 837 1512 958 1577; x_wconf 88' lang='lat' dir='ltr'>Zenoni</span> <span class='ocrx_word' id='word_1_120' title='bbox 981 1512 1122 1595; x_wconf 91' lang='lat' dir='ltr'>Polemo,</span> <span class='ocrx_word' id='word_1_121' title='bbox 1141 1525 1173 1572; x_wconf 78' lang='lat'>51</span> 
     </span>
    </p>

    <p class='ocr_par' dir='ltr' id='par_1_3' title="bbox 72 1599 1123 2035">
     <span class='ocr_line' id='line_1_16' title="bbox 72 1599 1123 1685; baseline -0.001 -20"><span class='ocrx_word' id='word_1_122' title='bbox 72 1624 99 1665; x_wconf 81' lang='lat'>15</span> <span class='ocrx_word' id='word_1_123' title='bbox 113 1601 214 1664; x_wconf 89' lang='lat' dir='ltr'>etiam</span> <span class='ocrx_word' id='word_1_124' title='bbox 237 1600 394 1685; x_wconf 83' lang='lat' dir='ltr'>magister</span> <span class='ocrx_word' id='word_1_125' title='bbox 422 1600 491 1664; x_wconf 86' lang='lat' dir='ltr'>eius</span> <span class='ocrx_word' id='word_1_126' title='bbox 519 1603 552 1664; x_wconf 89' lang='lat' dir='ltr'>et</span> <span class='ocrx_word' id='word_1_127' title='bbox 578 1603 650 1664; x_wconf 89' lang='lat' dir='ltr'>tota</span> <span class='ocrx_word' id='word_1_128' title='bbox 676 1599 733 1664; x_wconf 93' lang='lat' dir='ltr'>illa</span> <span class='ocrx_word' id='word_1_129' title='bbox 756 1620 836 1684; x_wconf 82' lang='lat' dir='ltr'>gens</span> <span class='ocrx_word' id='word_1_130' title='bbox 860 1603 893 1665; x_wconf 87' lang='lat' dir='ltr'>et</span> <span class='ocrx_word' id='word_1_131' title='bbox 915 1600 1045 1684; x_wconf 86' lang='lat' dir='ltr'>reliqui,</span> <span class='ocrx_word' id='word_1_132' title='bbox 1067 1603 1123 1684; x_wconf 92' lang='lat' dir='ltr'>qui</span> 
     </span>
     <span class='ocr_line' id='line_1_17' title="bbox 112 1686 1123 1773; baseline 0 -21"><span class='ocrx_word' id='word_1_133' title='bbox 112 1688 266 1752; x_wconf 84' lang='lat' dir='ltr'>virtutem</span> <span class='ocrx_word' id='word_1_134' title='bbox 290 1688 440 1752; x_wconf 89' lang='lat' dir='ltr'>omnibus</span> <span class='ocrx_word' id='word_1_135' title='bbox 461 1687 557 1752; x_wconf 87' lang='lat' dir='ltr'>rebus</span> <span class='ocrx_word' id='word_1_136' title='bbox 577 1686 680 1751; x_wconf 91' lang='lat' dir='ltr'>multo</span> <span class='ocrx_word' id='word_1_137' title='bbox 698 1689 928 1770; x_wconf 73' lang='lat' dir='ltr'>anteponentes</span> <span class='ocrx_word' id='word_1_138' title='bbox 945 1688 1123 1773; x_wconf 81' lang='lat' dir='ltr'>adiungunt</span> 
     </span>
     <span class='ocr_line' id='line_1_18' title="bbox 112 1773 1121 1860; baseline 0.001 -21"><span class='ocrx_word' id='word_1_139' title='bbox 112 1777 141 1839; x_wconf 87' lang='lat' dir='ltr'>ei</span> <span class='ocrx_word' id='word_1_140' title='bbox 164 1780 275 1840; x_wconf 90' lang='lat' dir='ltr'>tamen</span> <span class='ocrx_word' id='word_1_141' title='bbox 303 1775 425 1860; x_wconf 90' lang='lat' dir='ltr'>aliquid</span> <span class='ocrx_word' id='word_1_142' title='bbox 453 1797 578 1840; x_wconf 91' lang='lat' dir='ltr'>summo</span> <span class='ocrx_word' id='word_1_143' title='bbox 606 1775 640 1840; x_wconf 93' lang='lat' dir='ltr'>in</span> <span class='ocrx_word' id='word_1_144' title='bbox 667 1775 752 1840; x_wconf 91' lang='lat' dir='ltr'>bono</span> <span class='ocrx_word' id='word_1_145' title='bbox 782 1774 931 1839; x_wconf 87' lang='lat' dir='ltr'>finiendo.</span> <span class='ocrx_word' id='word_1_146' title='bbox 978 1773 1012 1840; x_wconf 86' lang='lat' dir='ltr'>Si</span> <span class='ocrx_word' id='word_1_147' title='bbox 1036 1777 1121 1840; x_wconf 87' lang='lat' dir='ltr'>enim</span> 
     </span>
     <span class='ocr_line' id='line_1_19' title="bbox 111 1863 1121 1949; baseline 0.001 -22"><span class='ocrx_word' id='word_1_148' title='bbox 111 1864 215 1928; x_wconf 83' lang='lat' dir='ltr'>virtus</span> <span class='ocrx_word' id='word_1_149' title='bbox 243 1864 341 1949; x_wconf 86' lang='lat' dir='ltr'>digna</span> <span class='ocrx_word' id='word_1_150' title='bbox 364 1868 414 1928; x_wconf 88' lang='lat' dir='ltr'>est</span> <span class='ocrx_word' id='word_1_151' title='bbox 436 1863 644 1948; x_wconf 81' lang='lat' dir='ltr'>gloriatione,</span> <span class='ocrx_word' id='word_1_152' title='bbox 672 1865 709 1927; x_wconf 87' lang='lat' dir='ltr'>ut</span> <span class='ocrx_word' id='word_1_153' title='bbox 732 1865 794 1946; x_wconf 91' lang='lat' dir='ltr'>est,</span> <span class='ocrx_word' id='word_1_154' title='bbox 816 1866 1008 1946; x_wconf 86' lang='lat' dir='ltr'>tantumque</span> <span class='ocrx_word' id='word_1_155' title='bbox 1030 1885 1121 1948; x_wconf 90' lang='lat' dir='ltr'>prae·</span> 
     </span>
     <span class='ocr_line' id='line_1_20' title="bbox 112 1950 1122 2035; baseline -0.001 -19"><span class='ocrx_word' id='word_1_156' title='bbox 112 1954 180 2017; x_wconf 85' lang='lat' dir='ltr'>stat</span> <span class='ocrx_word' id='word_1_157' title='bbox 202 1951 336 2035; x_wconf 89' lang='lat' dir='ltr'>reliquis</span> <span class='ocrx_word' id='word_1_158' title='bbox 359 1951 469 2034; x_wconf 89' lang='lat' dir='ltr'>rebus,</span> <span class='ocrx_word' id='word_1_159' title='bbox 492 1955 529 2015; x_wconf 90' lang='lat' dir='ltr'>ut</span> <span class='ocrx_word' id='word_1_160' title='bbox 551 1951 615 2016; x_wconf 89' lang='lat' dir='ltr'>dici</span> <span class='ocrx_word' id='word_1_161' title='bbox 638 1951 691 2015; x_wconf 85' lang='lat' dir='ltr'>vix</span> <span class='ocrx_word' id='word_1_162' title='bbox 713 1950 830 2034; x_wconf 78' lang='lat' dir='ltr'>possit,</span> <span class='ocrx_word' id='word_1_163' title='bbox 860 1955 893 2015; x_wconf 90' lang='lat' dir='ltr'>et</span> <span class='ocrx_word' id='word_1_164' title='bbox 916 1951 1028 2016; x_wconf 91' lang='lat' dir='ltr'>beatus</span> <span class='ocrx_word' id='word_1_165' title='bbox 1053 1973 1122 2016; x_wconf 88' lang='lat' dir='ltr'>esse</span> 
     </span>
    </p>

    <p class='ocr_par' dir='ltr' id='par_1_4' title="bbox 71 2039 1122 2474">
     <span class='ocr_line' id='line_1_21' title="bbox 71 2039 1122 2123; baseline 0 -19"><span class='ocrx_word' id='word_1_166' title='bbox 71 2065 97 2104; x_wconf 80' lang='lat' dir='ltr'>ao</span> <span class='ocrx_word' id='word_1_167' title='bbox 111 2040 234 2123; x_wconf 84' lang='lat' dir='ltr'>poterit</span> <span class='ocrx_word' id='word_1_168' title='bbox 251 2040 371 2104; x_wconf 83' lang='lat' dir='ltr'>virtute</span> <span class='ocrx_word' id='word_1_169' title='bbox 389 2061 455 2103; x_wconf 89' lang='lat' dir='ltr'>una</span> <span class='ocrx_word' id='word_1_170' title='bbox 472 2039 647 2122; x_wconf 66' lang='lat' dir='ltr'>praeditus</span> <span class='ocrx_word' id='word_1_171' title='bbox 666 2060 778 2103; x_wconf 87' lang='lat' dir='ltr'>carens</span> <span class='ocrx_word' id='word_1_172' title='bbox 793 2039 917 2122; x_wconf 86' lang='lat' dir='ltr'>ceteris,</span> <span class='ocrx_word' id='word_1_173' title='bbox 935 2061 995 2104; x_wconf 88' lang='lat' dir='ltr'>nec</span> <span class='ocrx_word' id='word_1_174' title='bbox 1013 2044 1122 2104; x_wconf 87' lang='lat' dir='ltr'>tamen</span> 
     </span>
     <span class='ocr_line' id='line_1_22' title="bbox 111 2126 1121 2211; baseline -0.001 -20"><span class='ocrx_word' id='word_1_175' title='bbox 111 2127 194 2192; x_wconf 87' lang='lat' dir='ltr'>illud</span> <span class='ocrx_word' id='word_1_176' title='bbox 226 2127 288 2191; x_wconf 87' lang='lat' dir='ltr'>tibi</span> <span class='ocrx_word' id='word_1_177' title='bbox 316 2127 480 2209; x_wconf 79' lang='lat' dir='ltr'>concedet,</span> <span class='ocrx_word' id='word_1_178' title='bbox 510 2131 637 2211; x_wconf 88' lang='lat' dir='ltr'>praeter</span> <span class='ocrx_word' id='word_1_179' title='bbox 664 2127 818 2196; x_wconf 72' lang='lat' dir='ltr'>virtutem</span> <span class='ocrx_word' id='word_1_180' title='bbox 845 2126 930 2191; x_wconf 89' lang='lat' dir='ltr'>nihil</span> <span class='ocrx_word' id='word_1_181' title='bbox 961 2128 995 2191; x_wconf 90' lang='lat' dir='ltr'>in</span> <span class='ocrx_word' id='word_1_182' title='bbox 1027 2128 1121 2192; x_wconf 90' lang='lat' dir='ltr'>bonis</span> 
     </span>
     <span class='ocr_line' id='line_1_23' title="bbox 112 2213 1121 2298; baseline 0 -18"><span class='ocrx_word' id='word_1_183' title='bbox 112 2237 183 2280; x_wconf 90' lang='lat' dir='ltr'>esse</span> <span class='ocrx_word' id='word_1_184' title='bbox 206 2214 393 2280; x_wconf 85' lang='lat' dir='ltr'>ducendum.</span> <span class='ocrx_word' id='word_1_185' title='bbox 443 2213 496 2278; x_wconf 91' lang='lat' dir='ltr'>Illi</span> <span class='ocrx_word' id='word_1_186' title='bbox 524 2218 645 2297; x_wconf 91' lang='lat' dir='ltr'>autem,</span> <span class='ocrx_word' id='word_1_187' title='bbox 672 2215 788 2298; x_wconf 86' lang='lat' dir='ltr'>quibus</span> <span class='ocrx_word' id='word_1_188' title='bbox 815 2237 977 2280; x_wconf 91' lang='lat' dir='ltr'>summum</span> <span class='ocrx_word' id='word_1_189' title='bbox 1000 2216 1121 2280; x_wconf 91' lang='lat' dir='ltr'>bonum</span> 
     </span>
     <span class='ocr_line' id='line_1_24' title="bbox 113 2302 1122 2387; baseline 0 -21"><span class='ocrx_word' id='word_1_190' title='bbox 113 2304 181 2366; x_wconf 89' lang='lat' dir='ltr'>sine</span> <span class='ocrx_word' id='word_1_191' title='bbox 209 2303 329 2368; x_wconf 86' lang='lat' dir='ltr'>virtute</span> <span class='ocrx_word' id='word_1_192' title='bbox 357 2306 420 2387; x_wconf 89' lang='lat' dir='ltr'>est,</span> <span class='ocrx_word' id='word_1_193' title='bbox 451 2324 516 2367; x_wconf 90' lang='lat' dir='ltr'>non</span> <span class='ocrx_word' id='word_1_194' title='bbox 543 2303 667 2366; x_wconf 87' lang='lat' dir='ltr'>dabunt</span> <span class='ocrx_word' id='word_1_195' title='bbox 693 2302 831 2368; x_wconf 84' lang='lat' dir='ltr'>fortasse</span> <span class='ocrx_word' id='word_1_196' title='bbox 860 2304 959 2367; x_wconf 84' lang='lat' dir='ltr'>vitam</span> <span class='ocrx_word' id='word_1_197' title='bbox 991 2303 1122 2368; x_wconf 89' lang='lat' dir='ltr'>beatam</span> 
     </span>
     <span class='ocr_line' id='line_1_25' title="bbox 110 2389 1121 2474; baseline 0 -20"><span class='ocrx_word' id='word_1_198' title='bbox 110 2391 247 2473; x_wconf 87' lang='lat' dir='ltr'>habere,</span> <span class='ocrx_word' id='word_1_199' title='bbox 274 2392 309 2454; x_wconf 91' lang='lat' dir='ltr'>in</span> <span class='ocrx_word' id='word_1_200' title='bbox 336 2411 398 2472; x_wconf 91' lang='lat' dir='ltr'>quo</span> <span class='ocrx_word' id='word_1_201' title='bbox 428 2390 534 2474; x_wconf 83' lang='lat' dir='ltr'>possit</span> <span class='ocrx_word' id='word_1_202' title='bbox 560 2391 630 2454; x_wconf 88' lang='lat' dir='ltr'>iuro</span> <span class='ocrx_word' id='word_1_203' title='bbox 657 2390 806 2474; x_wconf 82' lang='lat' dir='ltr'>gloriari,</span> <span class='ocrx_word' id='word_1_204' title='bbox 835 2391 897 2455; x_wconf 87' lang='lat' dir='ltr'>etsi</span> <span class='ocrx_word' id='word_1_205' title='bbox 920 2389 970 2453; x_wconf 92' lang='lat' dir='ltr'>illi</span> <span class='ocrx_word' id='word_1_206' title='bbox 993 2390 1121 2473; x_wconf 90' lang='lat' dir='ltr'>quidem</span> 
     </span>
    </p>

    <p class='ocr_par' dir='ltr' id='par_1_5' title="bbox 71 2477 944 2561">
     <span class='ocr_line' id='line_1_26' title="bbox 71 2477 944 2561; baseline -0.002 -19"><span class='ocrx_word' id='word_1_207' title='bbox 71 2503 97 2543; x_wconf 78' lang='lat' dir='ltr'>rs</span> <span class='ocrx_word' id='word_1_208' title='bbox 112 2480 212 2542; x_wconf 90' lang='lat' dir='ltr'>etiam</span> <span class='ocrx_word' id='word_1_209' title='bbox 236 2479 420 2561; x_wconf 84' lang='lat' dir='ltr'>voluptates</span> <span class='ocrx_word' id='word_1_210' title='bbox 443 2477 567 2542; x_wconf 87' lang='lat' dir='ltr'>faciunt</span> <span class='ocrx_word' id='word_1_211' title='bbox 588 2477 751 2542; x_wconf 90' lang='lat' dir='ltr'>interdum</span> <span class='ocrx_word' id='word_1_212' title='bbox 774 2477 944 2560; x_wconf 84' lang='lat' dir='ltr'>gloriosas.</span> 
     </span>
    </p>

    <p class='ocr_par' dir='ltr' id='par_1_6' title="bbox 77 2537 1174 2914">
     <span class='ocr_line' id='line_1_27' title="bbox 77 2537 1174 2662; baseline -0.002 -32"><span class='ocrx_word' id='word_1_213' title='bbox 77 2599 82 2602; x_wconf 88' lang='lat'><em>-</em></span> <span class='ocrx_word' id='word_1_214' title='bbox 179 2564 279 2630; x_wconf 89' lang='lat' dir='ltr'>Vides</span> <span class='ocrx_word' id='word_1_215' title='bbox 311 2565 412 2650; x_wconf 79' lang='lat' dir='ltr'>igitur</span> <span class='ocrx_word' id='word_1_216' title='bbox 443 2569 476 2629; x_wconf 87' lang='lat' dir='ltr'>te</span> <span class='ocrx_word' id='word_1_217' title='bbox 508 2569 565 2630; x_wconf 87' lang='lat' dir='ltr'>aut</span> <span class='ocrx_word' id='word_1_218' title='bbox 597 2587 635 2629; x_wconf 88' lang='lat' dir='ltr'>ea</span> <span class='ocrx_word' id='word_1_219' title='bbox 666 2585 805 2648; x_wconf 90' lang='lat' dir='ltr'>sumere,</span> <span class='ocrx_word' id='word_1_220' title='bbox 835 2585 916 2647; x_wconf 90' lang='lat' dir='ltr'>quae</span> <span class='ocrx_word' id='word_1_221' title='bbox 949 2585 1015 2628; x_wconf 89' lang='lat' dir='ltr'>non</span> <span class='ocrx_word' id='word_1_222' title='bbox 1047 2537 1174 2662; x_wconf 57' lang='lat' dir='ltr'>con-152</span> 
     </span>
     <span class='ocr_line' id='line_1_28' title="bbox 112 2651 1121 2737; baseline -0.001 -19"><span class='ocrx_word' id='word_1_223' title='bbox 112 2654 280 2736; x_wconf 86' lang='lat' dir='ltr'>cedantur,</span> <span class='ocrx_word' id='word_1_224' title='bbox 303 2655 359 2718; x_wconf 89' lang='lat' dir='ltr'>aut</span> <span class='ocrx_word' id='word_1_225' title='bbox 378 2675 429 2736; x_wconf 87' lang='lat' dir='ltr'>ea,</span> <span class='ocrx_word' id='word_1_226' title='bbox 451 2675 534 2737; x_wconf 88' lang='lat' dir='ltr'>quae</span> <span class='ocrx_word' id='word_1_227' title='bbox 553 2653 652 2718; x_wconf 85' lang='lat' dir='ltr'>etiam</span> <span class='ocrx_word' id='word_1_228' title='bbox 670 2673 823 2717; x_wconf 89' lang='lat' dir='ltr'>concessa</span> <span class='ocrx_word' id='word_1_229' title='bbox 845 2655 877 2716; x_wconf 86' lang='lat' dir='ltr'>te</span> <span class='ocrx_word' id='word_1_230' title='bbox 900 2651 983 2716; x_wconf 90' lang='lat' dir='ltr'>nihil</span> <span class='ocrx_word' id='word_1_231' title='bbox 1001 2651 1121 2717; x_wconf 86' lang='lat' dir='ltr'>iuvent.</span> 
     </span>
     <span class='ocr_line' id='line_1_29' title="bbox 111 2739 1121 2825; baseline -0.001 -19"><span class='ocrx_word' id='word_1_232' title='bbox 111 2742 270 2825; x_wconf 83' lang='lat' dir='ltr'>Equidem</span> <span class='ocrx_word' id='word_1_233' title='bbox 288 2741 323 2804; x_wconf 90' lang='lat' dir='ltr'>in</span> <span class='ocrx_word' id='word_1_234' title='bbox 342 2741 492 2806; x_wconf 85' lang='lat' dir='ltr'>omnibus</span> <span class='ocrx_word' id='word_1_235' title='bbox 511 2742 584 2806; x_wconf 89' lang='lat' dir='ltr'>istis</span> <span class='ocrx_word' id='word_1_236' title='bbox 604 2740 865 2806; x_wconf 85' lang='lat' dir='ltr'>conclusionibus</span> <span class='ocrx_word' id='word_1_237' title='bbox 888 2739 950 2805; x_wconf 91' lang='lat' dir='ltr'>hoc</span> <span class='ocrx_word' id='word_1_238' title='bbox 973 2742 1121 2823; x_wconf 89' lang='lat' dir='ltr'>putarem</span> 
     </span>
     <span class='ocr_line' id='line_1_30' title="bbox 112 2828 1121 2914; baseline 0 -22"><span class='ocrx_word' id='word_1_239' title='bbox 112 2829 319 2914; x_wconf 87' lang='lat' dir='ltr'>philosophia</span> <span class='ocrx_word' id='word_1_240' title='bbox 341 2829 499 2913; x_wconf 89' lang='lat' dir='ltr'>nobisque</span> <span class='ocrx_word' id='word_1_241' title='bbox 526 2828 675 2914; x_wconf 86' lang='lat' dir='ltr'>dignum,</span> <span class='ocrx_word' id='word_1_242' title='bbox 704 2832 736 2891; x_wconf 91' lang='lat' dir='ltr'>et</span> <span class='ocrx_word' id='word_1_243' title='bbox 758 2828 911 2912; x_wconf 86' lang='lat' dir='ltr'>maxime,</span> <span class='ocrx_word' id='word_1_244' title='bbox 939 2849 1012 2893; x_wconf 91' lang='lat' dir='ltr'>cum</span> <span class='ocrx_word' id='word_1_245' title='bbox 1036 2850 1121 2892; x_wconf 89' lang='lat' dir='ltr'>sum-</span> 
     </span>
    </p>

    <p class='ocr_par' dir='ltr' id='par_1_7' title="bbox 71 2915 1121 3351">
     <span class='ocr_line' id='line_1_31' title="bbox 71 2915 1121 3001; baseline -0.006 -17"><span class='ocrx_word' id='word_1_246' title='bbox 71 2943 99 2984; x_wconf 84' lang='lat' dir='ltr'>ac</span> <span class='ocrx_word' id='word_1_247' title='bbox 112 2939 201 2981; x_wconf 90' lang='lat' dir='ltr'>mum</span> <span class='ocrx_word' id='word_1_248' title='bbox 228 2917 349 2980; x_wconf 91' lang='lat' dir='ltr'>bonum</span> <span class='ocrx_word' id='word_1_249' title='bbox 385 2938 624 3001; x_wconf 88' lang='lat' dir='ltr'>quaereremus,</span> <span class='ocrx_word' id='word_1_250' title='bbox 655 2916 758 2980; x_wconf 86' lang='lat' dir='ltr'>vitam</span> <span class='ocrx_word' id='word_1_251' title='bbox 784 2920 944 2999; x_wconf 86' lang='lat' dir='ltr'>nostram,</span> <span class='ocrx_word' id='word_1_252' title='bbox 976 2915 1121 2997; x_wconf 87' lang='lat' dir='ltr'>consilia,</span> 
     </span>
     <span class='ocr_line' id='line_1_32' title="bbox 111 3003 1121 3088; baseline -0.004 -19"><span class='ocrx_word' id='word_1_253' title='bbox 111 3006 310 3087; x_wconf 81' lang='lat' dir='ltr'>voluntates,</span> <span class='ocrx_word' id='word_1_254' title='bbox 332 3025 399 3069; x_wconf 90' lang='lat' dir='ltr'>non</span> <span class='ocrx_word' id='word_1_255' title='bbox 421 3005 520 3068; x_wconf 86' lang='lat' dir='ltr'>verba</span> <span class='ocrx_word' id='word_1_256' title='bbox 538 3004 665 3088; x_wconf 82' lang='lat' dir='ltr'>corrigi.</span> <span class='ocrx_word' id='word_1_257' title='bbox 702 3003 780 3079; x_wconf 81' lang='lat' dir='ltr'>Quis</span> <span class='ocrx_word' id='word_1_258' title='bbox 800 3005 885 3068; x_wconf 86' lang='lat' dir='ltr'>enim</span> <span class='ocrx_word' id='word_1_259' title='bbox 907 3007 1016 3087; x_wconf 89' lang='lat' dir='ltr'>potest</span> <span class='ocrx_word' id='word_1_260' title='bbox 1038 3003 1121 3084; x_wconf 88' lang='lat' dir='ltr'>istis,</span> 
     </span>
     <span class='ocr_line' id='line_1_33' title="bbox 112 3090 1121 3177; baseline -0.006 -19"><span class='ocrx_word' id='word_1_261' title='bbox 112 3114 193 3177; x_wconf 88' lang='lat' dir='ltr'>quae</span> <span class='ocrx_word' id='word_1_262' title='bbox 215 3095 262 3175; x_wconf 85' lang='lat' dir='ltr'>te,</span> <span class='ocrx_word' id='word_1_263' title='bbox 289 3095 327 3156; x_wconf 90' lang='lat' dir='ltr'>ut</span> <span class='ocrx_word' id='word_1_264' title='bbox 356 3093 418 3175; x_wconf 86' lang='lat' dir='ltr'>ais,</span> <span class='ocrx_word' id='word_1_265' title='bbox 446 3091 621 3174; x_wconf 89' lang='lat' dir='ltr'>delectant,</span> <span class='ocrx_word' id='word_1_266' title='bbox 648 3091 800 3156; x_wconf 86' lang='lat' dir='ltr'>brevibus</span> <span class='ocrx_word' id='word_1_267' title='bbox 824 3095 857 3156; x_wconf 89' lang='lat' dir='ltr'>et</span> <span class='ocrx_word' id='word_1_268' title='bbox 875 3091 979 3156; x_wconf 85' lang='lat' dir='ltr'>acutis</span> <span class='ocrx_word' id='word_1_269' title='bbox 1003 3090 1121 3154; x_wconf 90' lang='lat' dir='ltr'>auditis</span> 
     </span>
     <span class='ocr_line' id='line_1_34' title="bbox 112 3179 1121 3262; baseline -0.004 -18"><span class='ocrx_word' id='word_1_270' title='bbox 112 3181 151 3244; x_wconf 89' lang='lat' dir='ltr'>de</span> <span class='ocrx_word' id='word_1_271' title='bbox 174 3179 336 3244; x_wconf 84' lang='lat' dir='ltr'>sententia</span> <span class='ocrx_word' id='word_1_272' title='bbox 358 3179 529 3244; x_wconf 81' lang='lat' dir='ltr'>decedere?</span> <span class='ocrx_word' id='word_1_273' title='bbox 565 3179 653 3246; x_wconf 90' lang='lat' dir='ltr'>Nam</span> <span class='ocrx_word' id='word_1_274' title='bbox 672 3200 745 3244; x_wconf 94' lang='lat' dir='ltr'>cum</span> <span class='ocrx_word' id='word_1_275' title='bbox 764 3183 954 3262; x_wconf 82' lang='lat' dir='ltr'>exspectant</span> <span class='ocrx_word' id='word_1_276' title='bbox 972 3181 1006 3243; x_wconf 91' lang='lat' dir='ltr'>et</span> <span class='ocrx_word' id='word_1_277' title='bbox 1024 3180 1121 3242; x_wconf 87' lang='lat' dir='ltr'>avent</span> 
     </span>
     <span class='ocr_line' id='line_1_35' title="bbox 112 3265 1121 3351; baseline -0.004 -19"><span class='ocrx_word' id='word_1_278' title='bbox 112 3268 236 3351; x_wconf 86' lang='lat' dir='ltr'>audire,</span> <span class='ocrx_word' id='word_1_279' title='bbox 258 3288 315 3332; x_wconf 89' lang='lat' dir='ltr'>eur</span> <span class='ocrx_word' id='word_1_280' title='bbox 336 3267 427 3333; x_wconf 91' lang='lat' dir='ltr'>dolor</span> <span class='ocrx_word' id='word_1_281' title='bbox 449 3267 572 3332; x_wconf 87' lang='lat' dir='ltr'>malum</span> <span class='ocrx_word' id='word_1_282' title='bbox 593 3289 661 3332; x_wconf 88' lang='lat' dir='ltr'>non</span> <span class='ocrx_word' id='word_1_283' title='bbox 684 3267 741 3350; x_wconf 88' lang='lat' dir='ltr'>sit,</span> <span class='ocrx_word' id='word_1_284' title='bbox 765 3265 875 3331; x_wconf 88' lang='lat' dir='ltr'>dicunt</span> <span class='ocrx_word' id='word_1_285' title='bbox 898 3266 948 3329; x_wconf 93' lang='lat' dir='ltr'>illi</span> <span class='ocrx_word' id='word_1_286' title='bbox 971 3286 1121 3348; x_wconf 87' lang='lat' dir='ltr'>asperum</span> 
     </span>
    </p>

    <p class='ocr_par' dir='ltr' id='par_1_8' title="bbox 72 3354 1121 3527">
     <span class='ocr_line' id='line_1_36' title="bbox 72 3354 1121 3439; baseline -0.006 -17"><span class='ocrx_word' id='word_1_287' title='bbox 72 3381 98 3422; x_wconf 76' lang='lat' dir='ltr'>aa</span> <span class='ocrx_word' id='word_1_288' title='bbox 113 3377 182 3420; x_wconf 86' lang='lat' dir='ltr'>esse</span> <span class='ocrx_word' id='word_1_289' title='bbox 219 3354 345 3437; x_wconf 89' lang='lat' dir='ltr'>dolere,</span> <span class='ocrx_word' id='word_1_290' title='bbox 380 3356 572 3439; x_wconf 85' lang='lat' dir='ltr'>molestum,</span> <span class='ocrx_word' id='word_1_291' title='bbox 609 3355 774 3437; x_wconf 89' lang='lat' dir='ltr'>odiosum,</span> <span class='ocrx_word' id='word_1_292' title='bbox 811 3357 925 3420; x_wconf 85' lang='lat' dir='ltr'>contra</span> <span class='ocrx_word' id='word_1_293' title='bbox 960 3357 1121 3436; x_wconf 90' lang='lat' dir='ltr'>naturam,</span> 
     </span>
     <span class='ocr_line' id='line_1_37' title="bbox 111 3440 1121 3527; baseline -0.004 -19"><span class='ocrx_word' id='word_1_294' title='bbox 111 3443 242 3508; x_wconf 88' lang='lat' dir='ltr'>difficile</span> <span class='ocrx_word' id='word_1_295' title='bbox 273 3443 426 3526; x_wconf 86' lang='lat' dir='ltr'>toleratu,</span> <span class='ocrx_word' id='word_1_296' title='bbox 459 3443 528 3527; x_wconf 88' lang='lat' dir='ltr'>sed,</span> <span class='ocrx_word' id='word_1_297' title='bbox 560 3443 635 3526; x_wconf 90' lang='lat' dir='ltr'>quia</span> <span class='ocrx_word' id='word_1_298' title='bbox 665 3442 756 3506; x_wconf 89' lang='lat' dir='ltr'>nulla</span> <span class='ocrx_word' id='word_1_299' title='bbox 783 3441 827 3506; x_wconf 89' lang='lat' dir='ltr'>sit</span> <span class='ocrx_word' id='word_1_300' title='bbox 858 3442 892 3506; x_wconf 92' lang='lat' dir='ltr'>in</span> <span class='ocrx_word' id='word_1_301' title='bbox 927 3440 1035 3505; x_wconf 87' lang='lat' dir='ltr'>dolore</span> <span class='ocrx_word' id='word_1_302' title='bbox 1062 3463 1121 3506; x_wconf 90' lang='lat' dir='ltr'>nec</span> 
     </span>
    </p>
   </div>
   <div class='ocr_carea' id='block_1_3' title="bbox 111 3528 1121 3616">
    <p class='ocr_par' dir='ltr' id='par_1_9' title="bbox 111 3528 1121 3616">
     <span class='ocr_line' id='line_1_38' title="bbox 111 3528 1121 3616; baseline -0.004 -20"><span class='ocrx_word' id='word_1_303' title='bbox 111 3532 199 3596; x_wconf 84' lang='lat' dir='ltr'>fraus</span> <span class='ocrx_word' id='word_1_304' title='bbox 227 3551 287 3596; x_wconf 90' lang='lat' dir='ltr'>nec</span> <span class='ocrx_word' id='word_1_305' title='bbox 313 3531 512 3616; x_wconf 82' lang='lat' dir='ltr'>improbitas¹</span> <span class='ocrx_word' id='word_1_306' title='bbox 531 3552 591 3596; x_wconf 89' lang='lat' dir='ltr'>nec</span> <span class='ocrx_word' id='word_1_307' title='bbox 614 3531 742 3596; x_wconf 86' lang='lat' dir='ltr'>malitia</span> <span class='ocrx_word' id='word_1_308' title='bbox 768 3551 826 3594; x_wconf 90' lang='lat' dir='ltr'>nec</span> <span class='ocrx_word' id='word_1_309' title='bbox 850 3528 944 3612; x_wconf 88' lang='lat' dir='ltr'>culpa</span> <span class='ocrx_word' id='word_1_310' title='bbox 971 3550 1032 3592; x_wconf 89' lang='lat' dir='ltr'>neo</span> <span class='ocrx_word' id='word_1_311' title='bbox 1054 3533 1121 3593; x_wconf 90' lang='lat' dir='ltr'>tur·</span> 
     </span>
    </p>
   </div>
   <div class='ocr_carea' id='block_1_4' title="bbox 0 0 1288 3948">
    <p class='ocr_par' dir='ltr' id='par_1_10' title="bbox 0 0 1288 3948">
     <span class='ocr_line' id='line_1_39' title="bbox 0 0 1288 3948; baseline 0 0"><span class='ocrx_word' id='word_1_312' title='bbox 0 0 1288 3948; x_wconf 95' lang='lat' dir='ltr'> </span> 
     </span>
    </p>
   </div>
  </div>
 </body>
</html>
