2502 3960
1243 91 1244 145 l

167 204 211 267 64
422 202 714 258 ACADEMIOORUM
731 201 898 258 PRIORUM

163 362 511 449 minamDiogenes
535 365 629 429 mihi
651 363 809 429 reddet'
839 365 945 428 Abeo
962 365 1047 429 enim
1063 363 1176 430 Stoico
1243 359 1244 436 l

162 453 365 518 dialecticam
389 453 556 534 didicerat3
593 452 674 516 haec
697 455 805 516 autem
832 473 956 518 merces
979 455 1051 517 erat
1078 453 1179 517 diale-

163 541 329 605 eticorum.
366 539 488 625 Sequor
510 540 612 624 igitur
634 561 688 604 eas
711 540 791 624 viae,
814 562 894 624 quas
919 540 1017 604 didici
1041 540 1083 604 ab
1107 540 1176 605 An·

163 629 287 712 tiocho,
319 650 378 693 nec
410 628 549 712 reperio,
581 627 763 712 quomodo
794 628 934 693 iudicem
966 627 1023 692 ‘si
1055 629 1176 706 lucet,

163 715 281 782 lucet’
304 739 416 782 verum
439 739 522 796 esse,
546 716 587 782 ob
611 737 683 780 eam
709 737 851 795 causam,
875 715 960 801 quod
988 716 1037 780 ita
1059 716 1206 800 ,didici‚⁵
1243 719 1244 802 l

165 827 268 888 omne,
292 805 378 889 quod
400 805 509 892 ipsum
522 826 562 870 ex
580 826 614 868 se
628 825 783 868 conexum
806 805 859 888 sit,
876 825 990 868 verum
1009 825 1089 888 esse,
1106 825 1175 870 non
1243 805 1244 890 l

163 893 302 958 iudicem
327 891 382 958 ‘Si
404 893 597 972 mentiris,
620 890 814 956 mentiris’
838 891 951 956 eodeni
966 891 1062 956 modo
1082 913 1176 958 exse
1243 927 1244 966 r

164 1002 327 1046 conexum.
373 983 441 1046 Aut
467 981 567 1066 igitur
589 981 651 1044 hoc
674 984 707 1045 et
729 979 810 1043 illud
834 983 903 1064 aut,
932 979 997 1043 nisi
1026 980 1103 1064 hoo,
1132 1003 1176 1044 ne

163 1069 245 1134 illud
269 1069 396 1155 quidem
418 1069 576 1133 iudicabo.

110 1167 152 1231 31
231 1156 293 1222 Sed
326 1161 361 1220 ut
389 1177 498 1222 omnes
527 1157 611 1222 istos
639 1156 766 1221 aculeos
791 1160 824 1220 et
851 1160 958 1221 totum
988 1159 1175 1222 tortuosum
1191 1159 1244 1248 rol

164 1267 265 1330 genus
307 1245 492 1329 disputandi
532 1244 750 1328 relinquamus
791 1244 1077 1329 ostendamusque,
1119 1247 1177 1330 qui

164 1335 277 1416 simus,
313 1332 379 1397 iam
411 1333 572 1416 explicata
603 1335 674 1396 tota
703 1330 878 1397 Carneadis
912 1333 1073 1397 sententia
1106 1333 1175 1398 An·
1243 1337 1244 1420 ζ

163 1421 291 1486 tiochea
323 1421 387 1484 ista
410 1423 566 1485 conruent
596 1420 754 1485 universa
799 1419 867 1485 Nec
894 1441 970 1486 vero
1001 1422 1176 1506 quicquam
1243 1447 1244 1500 j

163 1509 212 1573 ita
234 1509 352 1592 dicam,
384 1513 421 1574 ut
445 1510 615 1594 quisquam
642 1507 676 1572 id
701 1508 782 1592 fingi
806 1508 998 1592 suspicetur3
1031 1531 1051 1572 a
1073 1507 1176 1574 Clito·
1243 1503 1244 1586 ξ

149 1598 280 1662 vmacho
295 1619 429 1682 sumam,
452 1598 507 1683 qui
529 1617 629 1681 usque
648 1595 689 1660 ad
707 1599 903 1661 senectutem
918 1619 992 1662 cum
1006 1594 1174 1662 Carneade
1190 1630 1216 1670 15

128 1702 130 1710 ’
163 1685 241 1769 fuit,
271 1684 369 1752 homo
392 1689 425 1750 et
448 1689 576 1766 acutus,
607 1689 644 1751 ut
665 1684 806 1767 Poenus,
836 1689 869 1750 et
890 1685 984 1750 valde
1007 1685 1173 1751 studiosus

165 1795 203 1838 ac
226 1774 373 1858 diligens.
406 1773 453 1838 Et
471 1777 624 1858 quattuor
637 1772 705 1837 eius
728 1772 805 1837 libri
823 1776 898 1838 sunt
920 1773 959 1838 de
974 1773 1174 1839 sustinendis
1243 1773 1244 1846 l

165 1861 425 1944 adsensionibus3
439 1861 648 1944 haecautem,
663 1882 743 1944 quac
753 1861 820 1926 iam
829 1861 943 1944 dicam,
957 1865 1033 1926 sunt
1042 1866 1175 1946 sumpta
1243 1861 1244 1900 ³

110 1971 144 2019 aa
164 1950 203 2014 de
243 1950 357 2033 primo.
411 1949 484 2014 Duc
526 1949 633 2031 placet
673 1969 744 2013 esse
780 1946 938 2014 Carneadi
970 1970 1089 2034 genera
1125 1952 1173 2013 vi·
1243 1963 1244 2022 ζ

164 2058 286 2120 sorum,
314 2038 350 2102 in
372 2057 438 2101 uno
460 2037 545 2100 hanc
567 2036 772 2120 divisionem,
800 2035 874 2100 alia
888 2036 959 2100 visa
982 2058 1065 2120 esse,
1088 2059 1173 2120 qnae
1188 2071 1214 2110 20

87 2188 88 2192 ,
162 2125 285 2209 percipi
306 2125 446 2208 possint,
470 2124 542 2208 alia,
566 2146 648 2209 quac
670 2125 794 2209 percipi
815 2146 881 2190 non
903 2125 1044 2207 possint,
1065 2125 1099 2189 in
1125 2128 1174 2191 al·
1243 2127 1244 2204 ζ

163 2220 233 2277 tero
258 2216 374 2296 autern,
397 2212 463 2277 alia
485 2218 557 2277 visa
578 2234 650 2286 csse
672 2212 862 2298 probabilia,
886 2213 949 2276 alia
966 2235 1032 2277 non
1054 2214 1173 2296 proba·
1243 2235 1244 2298 i

163 2300 252 2365 bilia.
275 2299 399 2384 Itaque,
421 2322 502 2384 quae
526 2304 640 2366 contra
662 2322 776 2365 sensus
799 2305 973 2385 contraque
995 2301 1173 2384 perspicui·
1243 2305 1244 2370 l

162 2392 264 2454 tatem
284 2389 440 2473 dicantur,
464 2410 502 2462 ea
523 2389 685 2472 pertinere
699 2389 740 2453 ad
754 2390 952 2472 superiorem
970 2389 1174 2470 divisionem,

163 2483 276 2543 contra
298 2477 511 2560 posteriorem
532 2477 616 2542 nihil
639 2477 702 2541 dici
725 2479 887 2560 oportere3
911 2495 1008 2562 quare
1030 2478 1079 2542 ita
1101 2479 1173 2562 pla·
1188 2511 1214 2550 2⁵
1243 2495 1244 2518 ³

163 2587 247 2630 cere:
279 2565 344 2630 tale
367 2565 474 2630 visum
495 2565 620 2629 nullum
644 2585 728 2649 esse,
749 2569 787 2629 ut
809 2566 973 2649 perceptio
997 2587 1173 2650 conseque·

162 2657 266 2736 retur,
288 2657 325 2718 ut
348 2657 456 2718 autem
478 2653 644 2736 probatio,
667 2653 780 2718 multa.
823 2652 956 2718 Etenim
979 2657 1092 2718 contra
1114 2677 1173 2720 na·

162 2745 270 2805 turam
285 2745 344 2826 eat·
356 2741 525 2825 probabile
543 2740 627 2806 nihil
650 2763 730 2826 csse,
753 2745 786 2806 et
804 2742 951 2826 sequitur
964 2742 1070 2806 omnio
1084 2743 1173 2808 vitae
1243 2763 1244 2826 i

163 2850 210 2914 ea,
234 2851 332 2914 quam
349 2833 395 2913 tu,
418 2827 562 2912 Luculle,
585 2830 868 2914 commemorabas,
891 2831 1025 2896 eversio.
1056 2829 1174 2917 Itaque
1243 2827 1244 2900 l

163 2921 197 2982 et
219 2917 366 2983 sensibus
388 2917 558 3000 probanda
575 2918 680 2982 multa
698 2921 782 3001 eunt,
803 2921 954 2983 teneatur
967 2917 1063 2984 modo
1081 2918 1175 3004 illud,
1188 2953 1214 2993 a

162 3028 229 3071 non
264 3007 370 3070 inesse
399 3005 435 3070 in
465 3005 506 3070 iis
539 3007 710 3090 quicquam
741 3006 820 3090 tale,
852 3006 946 3091 quale
977 3027 1043 3071 non
1072 3008 1174 3074 otiam
1243 2997 1244 3076 l

162 3094 283 3158 falsum
304 3093 399 3158 nihil.
416 3093 456 3158 ab
481 3115 519 3160 eo
550 3093 700 3160 differens
724 3107 792 3159 essa
820 3095 934 3177 possit.
980 3092 1048 3173 Sic,
1080 3096 1174 3180 quid·

163 3182 240 3266 quid
259 3181 411 3246 acciderit
425 3182 531 3265 specie
549 3181 728 3266 probabile,
751 3182 779 3246 si
797 3181 881 3246 nihil
896 3203 930 3246 se
945 3181 1068 3267 offeret,
1087 3185 1174 3268 quod

163 3269 206 3334 sit
228 3269 454 3352 probabilitati
476 3269 527 3334 illi
549 3269 756 3352 contrarium,
778 3273 889 3335 utatur
912 3291 952 3336 eo
973 3271 1112 3357 sapiens,
1136 3295 1176 3338 ac

163 3356 210 3420 sic
228 3357 333 3422 omnis
352 3357 435 3422 ratio
454 3357 541 3422 vitae
564 3357 805 3442 gubernabitur.
836 3357 966 3422 Etenim
988 3359 1017 3423 is
1036 3381 1175 3446 quoquc,
1188 3394 1214 3435 ³5
1243 3401 1244 3422 1

163 3444 218 3528 qui
243 3467 262 3508 a
283 3445 377 3509 vobis
403 3444 531 3528 sapiens
553 3444 729 3528 inducitur,
760 3445 865 3510 multa
888 3447 1033 3532 sequitur
1054 3450 1175 3531 proba-

162 3530 244 3595 bilia
266 3553 332 3596 non
356 3531 588 3616 comprehensa
611 3553 713 3616 neque
735 3537 887 3618 percepta
903 3555 1008 3619 neque
1027 3536 1177 3626 adsensa,

259 3633 261 3638 ·
1243 3633 1244 3674 l
