2564 3952
157 209 224 273 290
354 209 653 264 TUSCULANARUM
671 208 972 266 DISPUTATIONUM

157 393 233 436 vero
266 373 403 436 scrutari
435 375 543 436 vetera
576 374 609 436 et
641 393 679 436 ex
710 372 751 435 iis
784 392 835 450 ea,
872 393 954 456 quae
991 371 1168 453 scriptores

159 459 313 524 Graeciae
337 461 560 544 prodiderunt,
583 481 692 524 eruere
716 481 825 544 coner,
848 460 910 544 ipsi
934 460 985 524 illi
1007 460 1169 524 maiorum

159 549 304 634 gentium
336 549 368 612 di
400 549 456 632 qui
486 548 661 631 habentur,
692 546 768 612 hinc
795 569 816 612 a
842 549 937 613 nobis
964 548 1104 632 profecti
1133 549 1168 612 in

158 639 283 702 eaelum
310 637 518 720 reperientur.
569 636 707 715 Quaere,
739 659 877 721 quorum
904 636 1170 706 demonstrentur

158 727 307 810 sepulcra
325 725 361 790 in
379 723 522 807 Graecia,
540 725 755 808 reminiscere,
779 725 931 809 quoniam
951 747 985 790 es
1007 725 1197 809 initiatus,5

158 837 239 899 quae
271 812 442 878 tradantur
474 812 652 898 mysteriis3
686 817 756 878 tum
789 813 940 898 denique,
976 835 1073 899 quam
1104 813 1169 877 hoc

157 904 224 968 late
255 905 379 986 pateat,
410 902 590 986 intelleges.
646 899 709 966 Sed
741 902 796 985 qui
827 902 985 982 nondum,
1017 923 1055 967 ea
1084 923 1169 986 quae

77 1052 82 1060 i
158 991 270 1056 multis
301 994 378 1074 post
409 991 502 1055 aunis
533 991 667 1055 tractari
693 994 809 1075 coepta
835 993 924 1074 sunt,
951 989 1088 1074 physica
1120 990 1169 1054 di-

159 1079 324 1162 dicissent,
350 1083 479 1143 tantum
506 1078 569 1143 sibi
596 1084 839 1163 persuaserant,
865 1082 1022 1164 quantum
1049 1082 1170 1143 natura

158 1168 351 1232 admonente
374 1170 606 1251 cognoverant,
629 1169 770 1232 rationes
789 1172 824 1232 et
842 1188 955 1232 causas
974 1189 1081 1232 rerum
1100 1189 1168 1231 non
1185 1193 1212 1232 ιο

157 1256 326 1338 tenebant,
354 1254 431 1319 visis
460 1255 653 1338 quibusdam
680 1277 777 1339 saepe
805 1257 1032 1340 movebantur,
1064 1255 1169 1339 iisque

159 1343 298 1407 maxime
334 1344 515 1426 nocturnis,
550 1346 588 1408 ut
624 1342 808 1409 viderentur
844 1345 888 1428 ei,
923 1344 979 1428 qui
1010 1344 1081 1410 vita
1115 1366 1169 1408 ex-

105 1452 140 1500 30
160 1435 337 1514 cesserant,
359 1432 475 1496 vivere.
518 1430 566 1496 Ut
592 1453 691 1515 porro,
719 1432 939 1496 firmissimum
962 1432 1024 1498 hoo
1047 1431 1171 1496 adferri

158 1520 297 1602 videtur,
320 1541 376 1585 our
398 1520 474 1586 deos
493 1542 563 1585 esse
583 1521 764 1604 credamus,
787 1520 872 1604 quod
889 1521 978 1585 nulla
997 1541 1076 1604 gens
1098 1524 1171 1584 tarn

157 1609 241 1693 fera,
271 1631 365 1674 nemo
394 1609 538 1675 omnium
564 1612 634 1673 tam
662 1609 706 1673 sit
733 1609 887 1694 inmanis,
911 1609 1001 1674 cuius
1024 1612 1170 1674 mentem
1186 1637 1213 1676 15

157 1720 224 1762 non
245 1697 399 1762 imbuerit
421 1699 553 1763 deorum
577 1697 685 1781 opinio
709 1694 819 1782 (multi
842 1698 881 1762 de
902 1698 951 1762 dis
973 1719 1074 1782 prava
1097 1719 1169 1769 sen·
1205 1747 1207 1750 .

158 1787 257 1870 tiunt3
280 1787 314 1851 id
338 1787 423 1852 enim
445 1787 565 1852 vitioso
589 1807 677 1850 more
699 1784 783 1850 effici
807 1787 903 1869 solet3
926 1807 1037 1850 omnes
1056 1789 1172 1850 tamen

159 1896 230 1938 esse
258 1876 324 1939 vim
347 1879 380 1938 et
406 1878 556 1939 naturam
584 1874 726 1940 divinam
758 1874 969 1957 arbitrantur,
1000 1895 1059 1938 nec
1091 1895 1170 1940 vero

157 1963 191 2026 id
213 1962 395 2027 conlocutio
416 1962 584 2043 bominum
609 1966 666 2027 aut
688 1982 856 2028 consessus
886 1963 1004 2045 effecit,
1030 1984 1097 2028 non
1119 1963 1169 2026 in-
1269 2015 1270 2024 ,

159 2051 285 2114 stitutis
300 2051 409 2133 opinio
425 2053 475 2114 est
489 2051 688 2129 confirmata,
706 2072 772 2116 non
789 2051 930 2137 legibus,
950 2052 1039 2116 omni
1057 2055 1169 2138 autem
1186 2081 1215 2119 so

158 2140 192 2202 in
203 2161 249 2208 „re
273 2139 438 2203 consensio
460 2139 605 2203 omniurn
629 2140 773 2222 gentium
795 2140 846 2204 lex
864 2144 1000 2205 naturae
1023 2139 1170 2224 putanda
1269 2161 1270 2164 ’

159 2224 222 2310 est)
246 2251 287 2272 -'-
312 2227 383 2310 quis
411 2230 461 2290 est
487 2227 601 2311 igitur,
630 2227 686 2310 qui
709 2249 841 2292 suorum
864 2232 1002 2294 mortem
1026 2228 1169 2312 primurn

158 2336 223 2380 non
261 2336 299 2379 eo
336 2315 459 2400 lugeat,
496 2305 582 2398 quod
614 2336 668 2380 eos
702 2317 833 2382 orbatos
870 2317 957 2381 vitae
990 2316 1169 2382 commodis

159 2403 354 2468 arbitretur?
400 2403 492 2468 Tolle
514 2404 597 2468 hanc
621 2404 819 2488 opinionem,
842 2405 965 2470 luctum
989 2405 1169 2471 sustuleris.

157 2491 263 2557 Nemo
291 2492 378 2556 enim
406 2496 530 2557 maeret
557 2515 615 2558 suo
643 2493 860 2576 incommodo;
888 2493 999 2558 dolent
1027 2492 1169 2558 fortasse
1186 2521 1214 2561 25

160 2585 193 2644 et
225 2585 402 2665 anguntur3
439 2580 495 2645 sed
526 2581 583 2646 illa
608 2581 754 2666 lugubris
786 2582 977 2647 lamentatio
1009 2581 1169 2664 fletusque

158 2689 304 2733 maerens
328 2691 367 2732 ex
390 2691 427 2734 eo
452 2673 517 2748 est,
540 2668 626 2753 quod
649 2691 735 2752 eum,
758 2691 853 2753 quem
877 2669 1057 2752 dileximuS,
1080 2669 1168 2733 vitae

124 2765 142 2776 “
158 2756 336 2820 commodis
359 2758 521 2839 privatum
545 2757 741 2822 arbitramur
762 2758 858 2841 idque
882 2758 1010 2822 sentire.
1060 2757 1169 2840 Atque

158 2844 239 2908 haec
265 2844 313 2908 ita
341 2845 497 2910 sentimus
524 2849 641 2910 natura
667 2845 761 2928 duce,
788 2845 880 2909 nulla
907 2847 1032 2912 ratione
1063 2845 1168 2910 nulla-

12 3006 15 3013 ,
159 2954 221 3016 que
245 2933 401 3014 doctrina.
1182 2961 1212 3001 ao

59 3046 70 3064 ,
107 2989 149 3114 ,13ιὲ
225 3019 413 3086 Maxumum
441 3043 517 3088 vero
547 3026 773 3106 argumentum
802 3027 852 3086 est
875 3027 1031 3088 naturam
1062 3023 1169 3106 ipsam

159 3108 211 3180 de·
235 3109 469 3176 inmortalitate
508 3111 688 3176 animorum
724 3111 858 3186 tacitam
893 3111 1046 3194 iudicare,
1083 3110 1168 3194 quod

158 3197 309 3262 omnibus
333 3221 427 3263 curae
452 3202 540 3280 sunt,
565 3203 597 3263 et
620 3221 789 3264 maxumae
815 3197 959 3282 quidem,
989 3221 1069 3283 quae
1091 3203 1169 3280 post

157 3290 295 3350 mortem
317 3286 428 3350 futura
456 3286 530 3350 sint.
580 3285 698 3351 ‘Serit
726 3287 899 3372 arborea,
927 3309 1021 3372 quae
1050 3287 1166 3350 alteri

158 3374 284 3438 saeclo
319 3372 502 3457 prosint',
541 3377 577 3437 ut
608 3375 656 3438 ait
686 3376 739 3440 ille
769 3376 803 3438 in
836 3373 1052 3458 Synephebis,
1089 3374 1166 3456 quid
1182 3403 1208 3441 aa
1269 3381 1270 3408 ³

158 3464 307 3540 spectans
333 3461 398 3525 nisi
419 3461 525 3524 etiam
555 3464 686 3544 postera
709 3463 838 3527 saecula
863 3462 904 3526 ad
927 3461 1168 3546 sepertinere?

157 3545 247 3630 Ergo
271 3549 402 3613 arbores
426 3551 511 3613 seret
534 3547 672 3632 diligens
697 3551 852 3634 agricola,
875 3568 1011 3635 quarum
1031 3548 1177 3633 aspiciet'
1269 3567 1270 3642 3
