2502 3960
149 202 195 264 40
418 199 713 256 AGADEMICORUM
732 201 897 258 PRIORUM

151 364 296 449 concedi;
327 385 430 448 neque
463 365 549 429 enim
581 364 751 449 quisquam
782 368 951 449 repugnat.
1004 365 1055 431 ua
1091 371 1190 432 sunt

150 453 243 517 haec:
271 474 352 536 quae
379 453 447 518 visa
474 453 557 518 falsa
585 453 662 537 sint,
690 475 729 518 ea
756 454 880 538 percipi
902 475 969 518 non
991 475 1101 538 posse,
1138 461 1187 520 et

151 541 303 606 alterum:
335 542 421 607 inter
453 564 533 626 quae
565 542 636 606 visa
666 542 750 607 nihil
782 542 925 628 intersit,
958 563 996 606 ex
1028 543 1068 607 ιιι
1097 565 1186 609 non

151 651 247 713 posse
270 630 336 696 alia
357 631 440 695 talia
462 651 544 709 esse,
568 634 605 694 ut
626 631 751 714 percipi
773 630 913 715 possint,
937 631 1015 714 alia,
1038 633 1076 694 ut
1098 654 1184 696 non

150 719 292 803 possint;
310 719 435 803 reliqua
448 741 523 784 vero
539 719 641 784 multa
655 723 688 784 ct
705 719 796 784 varia
815 717 960 785 oratione
980 719 1182 804 defendunt,
1220 747 1238 792 5

151 829 233 891 quac
266 811 342 873 sunt
368 807 447 872 item
474 808 550 890 duc,
580 829 694 872 unum:
722 829 804 892 quae
837 808 1019 892 videantur,
1051 829 1181 873 eorum

151 895 217 961 alia
235 917 312 962 vcra
335 918 418 975 esse,
441 896 506 961 alia
525 895 624 980 falsa,
647 897 798 962 alterum:
823 918 917 963 omne
935 898 1054 981 visum,
1076 898 1181 982 quod

151 984 194 1050 sit
226 1006 245 1048 a
276 1005 366 1068 vero,
402 984 469 1050 tale
501 1006 585 1069 esse,
621 985 719 1069 quale
753 985 851 1050 etiam
883 1007 903 1050 a
934 985 1019 1050 falso
1056 986 1179 1069 possit

93 1087 131 1134 42
151 1094 231 1140 esse.
274 1072 364 1138 Haec
387 1073 450 1138 duo
473 1071 643 1158 proposita
664 1095 732 1140 non
752 1071 1008 1160 praetervolant,
1037 1073 1095 1138 sed
1118 1072 1179 1138 ita

150 1161 302 1244 dilatant,
329 1163 366 1226 ut
392 1182 459 1226 non
486 1161 679 1226 mediocrem
706 1184 817 1227 curam
836 1161 1012 1227 adhibeant
1035 1165 1068 1226 et
1091 1163 1175 1226 dili·
1196 1191 1231 1230 ιο

149 1249 301 1334 gentiam.
355 1245 514 1316 Dividunt
545 1250 632 1314 enim
659 1252 694 1316 in
724 1253 849 1334 partes,
882 1254 915 1314 et
946 1271 1000 1315 eas
1032 1251 1173 1335 quidem

150 1358 294 1422 magnas,
311 1338 451 1422 primum
470 1340 505 1404 in
518 1360 642 1422 sensus,
660 1338 775 1404 deinde
789 1340 823 1403 in
837 1360 884 1425 ea,
906 1360 988 1423 quae
1003 1339 1175 1405 ducuntur

150 1448 170 1490 a
193 1426 341 1491 sensibus
366 1432 399 1492 et
422 1427 464 1492 ab
487 1427 574 1493 omni
597 1427 841 1506 consuetudine,
871 1449 968 1512 quarn
995 1428 1172 1493 obscurari

148 1514 270 1580 volunt.
307 1515 391 1580 Tum
408 1516 600 1599 perveniunt
618 1516 659 1580 ad
678 1538 749 1580 eam
767 1519 902 1600 partem,
920 1519 1016 1580 utne
1034 1517 1166 1582 ratione

150 1603 279 1688 quidem
292 1607 326 1668 et
339 1604 524 1670 coniectura
532 1605 599 1668 ulla
610 1626 661 1669 res
676 1604 797 1689 percipi
812 1605 924 1688 possit.
949 1602 1040 1669 Haec
1054 1608 1169 1670 autem
1188 1631 1222 1672 15

149 1692 299 1758 universa
318 1693 489 1758 concidunt
507 1694 605 1758 ctiam
629 1693 794 1758 minutius.
826 1691 873 1758 Ut
890 1693 977 1756 enim
1000 1693 1039 1758 de
1063 1695 1169 1759 sensi·

149 1781 210 1846 bus
232 1781 385 1847 hesterno
405 1802 551 1847 sermone
569 1782 707 1866 vidistis,
728 1782 807 1846 item
828 1781 953 1846 faciunt
974 1781 1013 1845 de
1031 1782 1170 1867 reliquis

149 1870 185 1934 in
217 1871 414 1955 singulisque
450 1870 560 1953 rebus,
596 1892 676 1954 quas
713 1870 748 1935 in
790 1869 925 1935 minima
961 1869 1167 1954 dispertiunt,

150 1958 262 2024 volunt
291 1958 416 2023 efficere
443 1958 483 2023 iis
507 1958 670 2041 omnibus,
698 1980 779 2043 quae
801 1958 873 2023 visa
896 1959 975 2041 sint,
1001 1959 1085 2023 veris
1109 1960 1167 2025 ad·

149 2046 259 2111 iuncta
282 2067 350 2112 esse
372 2046 456 2110 falsa
460 2068 573 2130 ,quae
596 2069 616 2110 a
632 2047 717 2111 veris
738 2047 819 2112 nihil
843 2008 1005 2131 differerit3
1029 2069 1067 2112 ea
1091 2069 1167 2112 oum
1184 2075 1217 2114 ao

97 2134 230 2239 14talia
252 2135 330 2218 sint,
357 2156 424 2200 non
446 2156 542 2218 posse
565 2135 759 2220 comprendi.

94 2254 130 2302 43
216 2221 310 2289 Hanc
337 2243 398 2308 ego
421 2223 634 2288 subtilitatem
657 2224 863 2308 philosophia
889 2224 1018 2308 quidem
1041 2163 1168 2309 dignis·

150 2311 266 2376 simam
289 2311 408 2395 iudice,
432 2311 488 2376 scd
511 2313 552 2377 ab
576 2334 687 2378 eorum
710 2335 820 2398 causa,
844 2313 968 2398 quiite
991 2312 1168 2397 (ιιιιιιιιιιι,

149 2400 409 2466 remotissimam.
464 2399 677 2466 Definitionas
715 2401 801 2466 enim
838 2406 872 2466 ct
906 2400 1098 2485 partitiones
1133 2365 1169 2466 et

149 2488 267 2553 horum
289 2489 466 2554 luminibus
493 2493 587 2554 utens
611 2491 728 2573 oratio,
756 2493 828 2554 tum
851 2489 1078 2554 similitudines
1102 2490 1168 2555 dis·
1182 2516 1211 2557 ss

151 2578 441 2662 similitudinesque
473 2581 506 2642 et
533 2600 644 2643 earum
675 2578 781 2643 tenuis
809 2582 843 2642 et
875 2582 971 2643 acuta
997 2578 1167 2644 distinctio

149 2665 318 2731 fidentium
350 2670 400 2730 est
429 2666 597 2731 hominum
627 2667 684 2731 illa
716 2689 793 2732 vera
814 2669 858 2754 ‚et
888 2668 981 2732 firma
1013 2670 1046 2731 et
1075 2671 1168 2731 certa

150 2775 235 2838 esse,
265 2777 346 2839 quae
374 2757 535 2839 tutentur,
562 2777 629 2820 non
656 2777 781 2839 eorum,
809 2755 865 2839 qui
892 2755 1032 2820 clament
1060 2755 1196 2820 ιιιιιιιοι

149 2843 254 2928 magis
278 2864 355 2908 vera
377 2843 434 2908 illa
453 2865 522 2908 esse
541 2867 638 2928 quam
656 2843 748 2909 falsa.
786 2843 870 2920 Quid
889 2845 976 2908 enim
995 2846 1103 2928 agant,
1128 2845 1167 2928 si,

150 2953 223 2996 cum
246 2931 370 3016 aliquid
392 2931 588 3017 definierint,
610 2937 705 3017 roget
727 2953 781 2997 eos
805 2933 978 3017 quispiam,
1005 2954 1085 2996 num
1107 2932 1167 2998 illa
1181 2961 1209 3002 eo

149 3020 293 3085 definitio
312 3021 416 3104 possit
434 3021 468 3085 in
488 3021 585 3086 aliam
606 3043 675 3086 rem
691 3020 863 3086 transferri
882 3019 1092 3105 quamlubet?
1130 3019 1167 3087 Si

149 3131 245 3192 posse
267 3108 419 3194 dixerint,
442 3108 517 3194 quid
541 3109 646 3174 dicere
668 3109 835 3194 habeant,
852 3132 908 3175 cur
930 3109 987 3174 illa
1009 3131 1088 3174 vera
1111 3109 1166 3173 de-

148 3197 254 3263 finitio
279 3197 345 3263 sit?
368 3199 396 3262 si
413 3198 616 3282 negaverint,
638 3197 804 3263 fatendum
828 3198 884 3281 sit,
912 3198 1065 3283 quoniam
1087 3219 1167 3263 vera

149 3286 295 3352 definitio
317 3286 485 3351 transferri
507 3308 574 3352 non
596 3288 703 3389 possit
722 3286 758 3350 in
780 3287 913 3372 falsum,
941 3286 1043 3388 quod·
1049 3308 1088 3350 ea
1111 3286 1164 3352 de·

148 3375 296 3440 finitione
319 3374 503 3459 explicetur,
525 3374 559 3439 id
581 3376 705 3460 percipi
727 3396 835 3459 posse3
857 3373 942 3459 quod
965 3374 1098 3440 minime
1115 3375 1165 3440 illi
1179 3403 1205 3444 ss

149 3463 271 3528 volunt.
325 3462 450 3528 Eadem
482 3462 545 3528 dici
577 3486 618 3547 po
620 3464 769 3528 terunt
759 3485 794 3528 1n
827 3463 975 3528 omnibus
1007 3463 1164 3548 partibus.

95 3570 131 3619 cu
150 3547 185 3615 Si
213 3551 299 3617 enirn
327 3551 435 3616 dicent
420 3555 514 3635 t,ea
546 3551 584 3616 de
612 3552 728 3636 quibus
761 3552 933 3636 disserent,
964 3573 999 3616 se
1025 3552 1165 3618 dilucida
