2568 3948
350 251 420 306 LIB.
439 250 473 305 v.
502 215 721 306 usuro-12.
749 257 905 317 §ao-ar.
1067 253 1132 318 249
1240 287 1243 292 ·

123 411 197 496 ipso
221 413 367 496 sapiente
390 413 486 478 aliter
509 413 684 496 existimat,
707 414 797 497 quin,
821 414 919 478 etiam
937 434 1009 480 cum
1025 415 1132 482 decre-

124 501 208 564 verit
237 522 307 565 esse
335 500 551 585 moriendum,
582 504 693 565 tamen
720 500 863 567 discessu
895 524 915 566 a
941 503 1008 567 suis
1034 507 1132 588 utque

123 589 196 671 ipsa
222 587 432 673 relinquenda
459 589 529 652 lues
558 589 748 654 moveatur?
792 588 931 654 Maxime
960 593 1068 655 autem
1097 592 1132 655 in

123 675 186 740 hoc
219 675 347 759 quidem
377 696 493 761 genere
526 676 575 741 vis
607 679 658 742 est
684 677 855 760 perspicua
880 681 1029 762 naturae,
1058 700 1131 743 cum

97 766 157 827 set
189 763 430 828 mendicitatem
466 764 560 829 multi
595 764 832 848 perpetiantur,
867 769 904 830 ut
939 766 1063 849 vivant,
1100 771 1133 830 et

124 853 287 935 angantur
318 851 630 936 appropinquatione
661 853 776 918 mortis
812 853 948 918 confecti
983 853 1131 918 homines

124 942 289 1004 senectute
317 942 349 1003 et
372 961 411 1003 ca
436 939 614 1022 perferant,
642 961 722 1023 quae
750 939 964 1005 Philoctetam
987 941 1130 1006 videmus

123 1027 157 1090 in
175 1026 310 1109 fabulis3
332 1026 387 1110 qui
405 1048 477 1092 cum
495 1027 692 1129 cruciaretur
710 1048 776 1128 non
789 1026 933 1142 tferendis
955 1029 1131 1113 doloribus,

86 1114 1131 1305 10ttttttltlfftttttttttttututtttttt,

123 1310 366 1443 atttlttt
382 1292 576 1462 tutu
593 1312 725 1443 tutu
744 1291 1131 1464 trastulisti
1150 1393 1186 1441 a

124 1487 197 1530 cum
230 1465 383 1532 arborum
415 1470 448 1530 et
475 1466 625 1550 stirpium
652 1465 764 1532 eadem
793 1487 895 1548 paene
921 1471 1037 1532 natura
1066 1469 1131 1532 sit‘?

125 1551 199 1618 Sive
223 1553 324 1637 enim,
347 1557 384 1618 ut
405 1554 603 1636 doctissimis
626 1555 704 1618 viris
727 1553 832 1620 visum
858 1557 919 1637 est,
947 1555 1051 1620 maior
1074 1556 1131 1620 ali·

84 1665 109 1706 rs
124 1663 189 1741 pus
212 1662 311 1792 caussa
329 1644 426 1742 atque
449 1641 591 1792 diiviuior
611 1641 696 1706 hanc
714 1642 780 1706 vim
798 1641 956 1742 ingenuit,
980 1643 1048 1742 sive
1071 1643 1132 1708 hoc

123 1729 242 1881 llicit
277 1732 329 1881 id
329 1731 511 1882 uldlicduse
512 1751 649 1882 mm
653 1779 663 1813 ²
677 1732 948 1902 sihdnmllod
949 1733 1132 1902 8111111111

124 1904 318 1970 animalibus
355 1926 523 1969 sensuum.
542 1905 769 1969 distributione
805 1908 838 1968 et
873 1905 1010 1989 quadam
1046 1927 1131 1970 com-

122 1991 273 2075 pactione
296 1994 522 2058 membrorum.
567 1992 637 2068 Qua
665 1993 794 2076 quidem
817 1993 855 2057 de
878 2013 912 2056 re
935 2015 1132 2077 quamquam

82 2106 109 2145 so
123 2080 283 2145 assentior
313 2080 368 2163 iis,
405 2080 460 2164 qui
491 2081 571 2145 haec
604 2082 714 2147 omnia
748 2081 818 2165 regi
853 2083 970 2147 natura
1006 2085 1132 2164 putant,

123 2189 205 2252 quae
228 2168 257 2232 si
279 2173 397 2232 natura
418 2168 586 2253 neglegat,
607 2167 679 2252 ipsa
701 2189 771 2234 esse
793 2190 860 2233 non
881 2169 999 2252 possit,
1021 2173 1131 2234 tamon

123 2256 277 2337 concedo,
300 2259 349 2339 ut,
372 2256 427 2340 qui
450 2255 489 2320 de
512 2256 575 2320 hoc
596 2256 806 2339 dissentiunt,
829 2256 1023 2339 existiment,
1046 2257 1131 2341 quod

122 2345 237 2426 velint,
260 2365 297 2407 ac
320 2344 371 2408 vel
393 2343 457 2408 hoc
479 2344 684 2428 intellegant,
708 2344 736 2408 si
755 2342 884 2427 quando
903 2347 1053 2409 naturam
1075 2345 1132 2408 ho-

122 2432 221 2496 minis
259 2431 377 2515 dicam,
408 2431 573 2496 hominem
608 2431 712 2499 dicere
746 2453 810 2514 me;
839 2431 922 2495 nihil
953 2432 1038 2496 enim
1069 2432 1131 2496 hoc

82 2545 108 2584 rs
123 2519 239 2584 differt.
292 2518 377 2584 Nam
409 2519 499 2602 prius
533 2541 552 2584 1
584 2540 617 2584 se
649 2519 770 2603 poterit
802 2518 937 2603 quisque
969 2517 1131 2584 discedere

124 2628 220 2708 quam
249 2607 443 2707 appetitum·
457 2628 567 2671 aarum
594 2628 715 2707 rerum,
742 2626 823 2690 quae
852 2605 915 2671 sibi
943 2607 1131 2759 conducant,

123 2695 188 2758 ami
189 2698 282 2760 ttere
332 2694 443 2758 Iure'
433 2694 495 2778 1git
495 2717 534 2759 ur
565 2694 752 2778 gravissimi
782 2692 1011 2778 philosophi
1001 2694 1130 2759 mitium

122 2783 240 2847 summi
268 2782 346 2848 boni
374 2805 393 2848 a
420 2787 537 2856 natura
563 2783 748 2871 petiverunt
776 2785 808 2846 et
837 2782 928 2846 illum
951 2782 1131 2866 appetitum

121 2891 230 2936 rerum
255 2870 295 2934 ad
317 2874 467 2936 naturam
492 2865 805 2936 accommodatarum
826 2869 1050 2954 ingeneratum
1073 2892 1130 2953 pu-

79 2985 107 3024 ao
121 2961 274 3022 taverunt
292 2958 457 3040 omnibus,
481 2958 555 3040 quia
574 2958 779 3024 eontinentur
798 2979 836 3022 ea
854 2957 1130 3022 commendatione

11 3081 15 3086 ·
120 3049 271 3129 naturae,
295 3068 359 3130 qua
382 3067 416 3110 se
439 3046 503 3128 ipsi
527 3045 675 3130 diligunt.
1143 3093 1186 3156 12

187 3131 350 3217 Deinceps
382 3133 553 3198 videndum
585 3137 648 3216 est,
685 3133 836 3217 quoniam
870 3133 949 3197 satis
982 3135 1129 3215 apertum
1149 3171 1185 3219 34

121 3224 171 3284 est
194 3221 258 3286 sibi
281 3243 438 3305 quemque
457 3225 574 3286 natura
591 3243 662 3286 esse
681 3243 806 3321 aarum,⁸
827 3241 908 3304 quae
928 3221 971 3284 sit
988 3218 1129 3284 hominis

120 3313 179 3372 nat
180 3330 246 3373 ura
291 3308 328 3372 Id
352 3313 402 3373 cst
423 3309 522 3392 enim,
550 3310 674 3392 dequo
698 3309 890 3408 quaerimus.
935 3306 1036 3391 Atqui
1059 3327 1129 3389 per·

78 3422 106 3462 ss
121 3397 270 3480 spicuum
297 3401 348 3460 est
374 3396 539 3462 hominem
566 3418 583 3459 e
611 3417 745 3480 corpore
773 3395 941 3478 animoque
972 3397 1130 3475 constare,

121 3505 194 3548 cum
231 3484 354 3568 primae
391 3485 458 3550 sint
494 3484 593 3549 animi
627 3487 752 3568 partes,
784 3481 941 3547 secundae
978 3482 1130 3564 corporis.

119 3570 245 3637 Deinde
271 3572 304 3636 id
332 3593 457 3657 quoque
484 3572 642 3654 videmus,
670 3575 702 3635 et
728 3571 776 3637 ita
803 3571 976 3656 figuratum
1005 3590 1132 3653 corpus,
