2574 3956
177 220 241 283 164
339 219 387 273 DE
406 216 551 272 FINIBUS
569 217 750 272 BONORUM
767 217 816 272 ET
834 215 1018 271 MALORUM

175 382 279 446 omnis
318 381 417 445 animi
449 383 482 444 et
514 379 697 463 voluptates
730 383 763 442 et
799 379 937 443 dolores
964 376 1005 442 ad
1041 375 1186 458 corporis

174 471 358 553 voluptates
383 491 420 532 ac
444 468 571 531 dolores
594 467 778 550 pertinere?
827 465 962 530 Nihilne
984 469 1018 528 te
1048 464 1188 528 delectat

174 578 326 642 umquam
356 553 477 640 (video,
500 555 628 639 quicum
651 553 793 638 loquar),
815 559 848 618 te
871 554 985 638 igitur,
1015 550 1187 637 Torquate,

174 647 281 728 ipsum
318 664 376 728 per
414 665 447 708 se
483 643 566 706 nihil
602 643 762 707 delectat?
822 640 945 706 Omitto
984 640 1187 723 dignitatem,
1284 641 1286 686 l

174 732 391 815 honestatem,
420 731 557 815 speciem
580 731 684 814 ipsam
708 731 878 811 virtutum,
906 729 944 793 de
972 715 1088 812 quibris
1112 731 1214 792 antes

175 821 295 886 dicium
323 821 385 902 cst,
416 819 496 882 haec
527 818 650 882 leviora
676 839 830 900 ponam:.
845 821 974 901 po'e'ma,
1006 817 1186 881 orationem

175 931 247 972 cum
281 911 337 971 aut
370 907 484 971 scribis
517 909 574 970 aut
604 906 700 990 legis,
737 928 808 970 cum
842 905 985 969 omnium
1017 904 1187 985 factorum,

175 1017 248 1060 cum
279 995 447 1081 regionum
480 994 642 1076 conquiris
674 993 857 1076 historiam,
890 993 1034 1076 signum,
1064 992 1187 1074 tabula,

174 1084 265 1148 locus
290 1103 456 1166 amoenus,
490 1081 588 1163 ludi,
603 1082 748 1165 venatio,
780 1081 857 1146 villa
884 1080 1011 1145 Luculli
1038 1078 1129 1164 (nam
1160 1080 1187 1144 si

175 1169 287 1234 ‘tuam'
317 1170 469 1253 dicerem,
496 1168 654 1233 latebram
678 1169 828 1253 haberes3
858 1169 897 1232 ad
925 1190 1041 1252 corpus
1064 1167 1186 1231 diceres
1201 1192 1225 1230 rc

175 1255 365 1342 pertinere),
385 1257 444 1322 sed
469 1279 520 1340 ea,
543 1278 626 1341 quae
649 1257 729 1342 dixi,
752 1257 792 1321 ad
816 1279 974 1340 corpusne
997 1255 1120 1320 refers?
1144 1275 1187 1318 au

176 1349 225 1410 cst
252 1345 387 1428 aliquid,
415 1344 500 1429 quod
526 1347 559 1408 te
588 1367 646 1408 sua
674 1349 789 1428 sponte
817 1344 975 1410 delectet?
1026 1343 1093 1408 Aut
1110 1337 1186 1426 per·
1285 1345 1286 1348 ’

175 1433 397 1498 tinaeissimus
419 1433 532 1516 fueris,
561 1433 588 1496 si
612 1433 791 1516 perstiteris
816 1433 855 1497 ad
884 1454 999 1516 corpus
1026 1453 1077 1514 ea,
1105 1452 1186 1514 quae

176 1521 259 1605 dixi,
294 1521 427 1604 referre,
464 1524 520 1584 aut
551 1520 728 1584 deserueris
763 1524 867 1585 totam
903 1520 1038 1604 Epicuri
1073 1519 1185 1602 volup·
1285 1549 1286 1552 ¹

125 1632 175 1682 108
197 1613 311 1691 tatem,
335 1610 363 1672 si
384 1610 563 1695 negaveris.
602 1607 694 1685 Quod
716 1629 792 1672 uero
816 1631 836 1672 a
858 1613 890 1671 te
913 1608 1114 1692 disputatum
1138 1610 1187 1670 est
1201 1603 1226 1669 1⁸5

176 1699 314 1764 maiores
330 1719 411 1762 ··esse
439 1698 623 1781 voluptates
653 1698 686 1760 et
712 1696 840 1760 dolores
868 1697 967 1760 animi
995 1717 1091 1780 quam
1119 1716 1186 1758 cor-

175 1787 279 1870 poris,
311 1787 386 1870 quia
423 1785 522 1849 trium
558 1789 740 1868 temporum
772 1783 934 1868 particeps
972 1784 1098 1848 animus
1136 1783 1187 1864 sit,

176 1895 311 1957 corpore
344 1878 452 1938 autem
483 1873 667 1957 praesentia
698 1873 802 1936 solum
836 1872 1029 1953 sentiantur,
1063 1871 1118 1955 qui
1153 1870 1186 1934 id

176 1962 309 2045 probari
330 1964 454 2044 potest,
476 1963 513 2024 ut
534 1961 576 2042 is,
600 1960 655 2043 qui
676 1963 809 2044 propter
829 1981 880 2023 me
899 1959 1021 2043 aliquid
1039 1959 1187 2044 gaudeat,

176 2049 249 2132 plus
273 2069 369 2131 quam
388 2069 447 2132 ego
471 2048 541 2130 ipse
564 2047 726 2131 gaudeat?
764 2047 896 2127 [Animo
914 2048 1065 2130 voluptas
1085 2048 1187 2112 oritur
1200 2069 1227 2107 ao

176 2138 309 2220 propter
338 2136 538 2218 voluptatem
565 2135 724 2218 corporis,
751 2139 784 2198 et
812 2135 916 2200 maior
939 2139 989 2200 est
1011 2135 1110 2198 animi
1133 2156 1186 2198 vo-

176 2225 285 2306 luptas
313 2245 410 2306 quam
436 2223 588 2305 corporis.
639 2222 689 2286 Ita
715 2224 767 2305 fit,
793 2227 831 2286 ut
862 2223 1043 2308 gratulator
1072 2223 1188 2286 laetior
1285 2281 1286 2292 ἶ

178 2311 220 2375 sit
243 2311 403 2397 quomis,
426 2311 477 2374 cui
501 2303 704 2395 gratulatur]
742 2309 817 2390 Sed,
841 2311 917 2376 dum
941 2310 1065 2374 efficere
1088 2311 1186 2374 vultis

176 2400 308 2464 beatum
341 2399 532 2483 sapientem,
565 2421 638 2463 cum
669 2399 827 2463 maximas
860 2400 969 2463 animo
1001 2397 1187 2482 voluptates

176 2488 335 2572 percipiat
359 2487 570 2572 omnibusque
593 2488 739 2570 partibus
763 2487 902 2551 maiores
925 2509 1022 2570 quam
1045 2507 1188 2570 corpore,
1202 2509 1229 2548 ss

177 2575 253 2659 quid
282 2580 442 2658 occurrat,
468 2596 535 2639 non
562 2575 687 2639 videtis.
731 2574 844 2639 Animi
874 2575 959 2638 enim
983 2595 1108 2658 quoque
1133 2574 1187 2638 do—

176 2663 261 2727 lores
288 2664 445 2746 percipiet
473 2663 622 2726 omnihus
649 2664 796 2746 partibus
825 2663 962 2727 maiores
991 2684 1088 2746 quam
1119 2683 1187 2726 cor-

176 2751 273 2833 poris.
318 2749 369 2813 Ita
397 2750 494 2813 miser
522 2751 566 2813 sit
593 2751 764 2833 aliquando
793 2771 922 2814 necesse
949 2751 1064 2832 estis,
1092 2771 1188 2832 quem

176 2858 234 2901 vos
266 2837 399 2900 beatum
432 2858 558 2918 semper
589 2837 687 2901 vultis
720 2859 802 2922 esse,
833 2860 893 2902 nec
925 2859 1000 2902 vero
1032 2837 1078 2919 id,
1111 2838 1188 2902 dum

177 2925 287 2989 omnia
316 2924 356 2988 ad
383 2925 584 3008 voluptatem
611 2924 817 3009 doloremque
849 2925 1009 3009 referetis,
1039 2925 1187 2989 efficietis
1202 2945 1229 2986 eo

126 3035 176 3084 109
199 3035 361 3096 umquam.
416 3011 521 3087 Quare
556 3012 644 3078 aliud
672 3013 815 3097 aliqudd,
846 3014 1020 3097 Torquate,
1045 3012 1187 3089 hominis

178 3123 339 3166 summum
368 3100 490 3164 bonum
513 3100 736 3184 reperiendum
758 3104 822 3184 est,
850 3102 1050 3184 voluptatem
1072 3101 1187 3165 bestiis
1285 3103 1286 3106 ’

178 3190 400 3266 concedamus,
429 3188 545 3271 quibus
569 3209 626 3253 vos
658 3188 696 3252 de
720 3209 844 3252 summo
868 3189 953 3253 bono
976 3189 1114 3253 testibus
1137 3191 1187 3253 uti

178 3276 323 3352 soletis„
353 3275 450 3358 Quid,
482 3275 508 3340 si
537 3275 635 3340 etiam
662 3277 785 3340 bestiae
816 3277 921 3340 multa
951 3276 1076 3340 faciunt
1108 3276 1187 3340 duce
1285 3275 1286 3356 ξ

178 3387 237 3428 sua
265 3385 409 3448 quaeque
436 3366 553 3427 natura
579 3365 700 3447 partim
728 3359 933 3448 indulgenter
959 3364 1012 3428 vel
1040 3386 1113 3428 cum
1143 3365 1188 3429 la·
1202 3385 1229 3424 es

177 3451 268 3535 bore,
289 3455 327 3515 ut
349 3453 383 3516 in
406 3451 579 3537 gignendo,
602 3452 637 3514 in
661 3451 838 3534 educando,
860 3451 1012 3535 perfacile
1034 3458 1071 3516 ut
1088 3474 1187 3536 appa·
1285 3465 1286 3496 ³

177 3541 246 3601 reat
274 3539 361 3603 aliud
389 3539 540 3622 quiddam
567 3539 608 3602 iis
635 3539 851 3624 propositum,
878 3562 944 3605 nou
966 3540 1187 3622 voluptatem?
