2564 3950
180 211 247 276 272
344 211 392 265 DE
411 211 556 266 FINIBUS
574 210 754 266 BONORUM
772 211 820 264 ET
838 210 1021 266 MALORUM

180 373 353 438 Persarum
380 393 494 458 magos
517 371 617 438 adiit‘?
645 393 702 436 cur
727 374 836 436 tantas
858 371 1007 456 regiones
1037 371 1192 436 barbaro-

180 483 251 526 rum
279 461 416 544 pedibus
445 460 539 542 obiit,
571 463 622 525 tot
648 460 752 524 marie
784 457 990 524 transmisit?
1023 479 1079 522 our
1110 457 1190 524 haec

181 549 294 614 eadem
316 547 543 614 Democritus?
567 548 622 633 qui
644 546 732 632 (rere
754 546 894 624 falsone,
924 565 1078 630 quaerere
1104 547 1191 611 nolu·

180 634 267 721 mus)
286 636 402 702 dicitur
419 656 454 700 se
473 635 575 702 oculis
593 636 752 718 privasse3
771 637 865 716 certe,
886 637 923 698 ut
940 655 1037 720 quam
1056 634 1190 698 minime

180 725 306 790 ammos
344 747 364 788 a
400 723 653 808 cogitationibus
692 722 917 805 abduceretur,
955 721 1216 805 patrimoniums

180 811 335 898 neglexit,
359 832 454 898 agros
477 811 620 876 deseruit
641 811 794 892 incultos,
817 810 895 894 quid
920 831 1077 893 quaerens
1101 809 1191 874 aliud

179 901 245 966 nisi
267 900 370 966 vitam
385 897 543 964 beatam?
588 898 693 976 Qnarn
717 899 746 962 si
770 898 869 962 etiam
890 897 927 962 in
949 916 1056 962 rerum
1080 898 1191 981 cogni·

181 981 270 1054 tione
298 988 453 1072 ponebat,
484 991 596 1054 tumen
623 1001 663 1052 ex
689 985 747 1050 illa
773 985 1023 1069 investigatione
1054 989 1191 1050 neonae

182 1076 335 1159 consequi
357 1075 500 1158 volebat,
524 1075 610 1141 bono
632 1078 669 1138 ut
692 1076 778 1138 esset
801 1073 918 1138 animo.
962 1071 1001 1137 Id
1027 1074 1114 1138 enim
1136 1073 1192 1136 ille

182 1184 343 1228 summum
362 1163 483 1227 bonum
501 1156 669 1246 εὐθυμίαν
688 1165 721 1226 et
734 1182 831 1244 saepe
846 1155 1019 1244 ἀθαμβίαν
1038 1161 1193 1245 appellat,
1207 1191 1232 1230 ιο

128 1274 163 1323 ss
181 1250 215 1316 id
238 1254 288 1316 est
310 1249 453 1314 animum
475 1253 598 1314 terrore
621 1250 766 1314 liberum.
817 1246 879 1314 Sed
905 1248 986 1314 haec
1009 1249 1070 1314 etsi
1099 1270 1193 1333 prae-

177 1339 281 1422 clare,
303 1336 446 1404 nondum
469 1341 579 1402 tamen
606 1337 776 1420 perpolita.
825 1335 933 1403 Pauca
958 1337 1058 1421 enim,
1087 1358 1193 1420 neque

180 1447 221 1492 ea
247 1426 319 1511 ipsa
346 1426 524 1508 enucleate,
552 1425 593 1490 ab
621 1425 683 1490 hoe
715 1424 755 1490 de
785 1424 906 1488 virtute
938 1423 1068 1508 quidem
1095 1425 1194 1490 diota.

181 1515 261 1580 Post
283 1513 369 1578 enim
392 1512 473 1578 haec
491 1513 526 1578 in
544 1512 605 1578 hac
627 1511 707 1578 urbe
729 1512 871 1595 primum
890 1535 910 1577 a
927 1510 1060 1580 Socrate
1072 1515 1194 1597 quaeri

181 1606 309 1686 coepte,
339 1600 453 1666 deinde
475 1601 510 1666 in
531 1600 617 1666 hunc
639 1602 746 1666 locum
771 1600 880 1665 delata
902 1602 991 1684 sunt,
1016 1621 1076 1666 nec
1099 1600 1234 1667 dubi-15

181 1695 301 1774 tatum,
324 1689 402 1774 quin
423 1689 458 1754 in
475 1689 595 1754 virtute
613 1689 719 1756 omnis
737 1692 775 1754 ut
796 1688 892 1769 bene,
915 1688 962 1752 sic
980 1689 1078 1752 ctiam
1097 1689 1193 1754 beate

182 1778 311 1844 vivendi
334 1797 408 1861 spes
430 1780 613 1860 poneretur.
663 1776 753 1853 Quae
776 1797 849 1840 cum
871 1775 957 1842 Zeno
983 1775 1152 1841 didicisset
1174 1799 1194 1842 a

181 1867 317 1949 nostris,
340 1865 433 1930 utin
457 1864 638 1931 actionibus
661 1863 838 1948 praescribi
861 1864 957 1945 solet,
981 1862 1044 1928 ‘nn
1068 1881 1194 1928 aannrr

182 1973 227 2020 aa
253 1954 380 2034 [sacru]
404 1969 487 2018 auro
510 1951 631 2018 nono?
668 1951 740 2018 Hoc
762 1955 799 2016 tu
820 1952 959 2016 nuncin
981 1951 1039 2016 illo
1062 1953 1193 2036 probas.

182 2042 314 2108 Scilicet
334 2039 500 2106 vocabulis
523 2060 630 2104 rerum
652 2039 787 2106 mutatis
809 2039 1045 2107 inconstantiae
1068 2041 1232 2108 crimenro

181 2129 237 2193 ille
260 2127 386 2210 effugit,
409 2148 470 2191 nos
493 2127 633 2211 effugere
659 2149 725 2192 non
753 2129 938 2211 possumus!
985 2125 1044 2192 Ille
1067 2127 1195 2193 Metelli

182 2217 284 2282 vitam
315 2217 414 2295 negat
440 2214 619 2278 beatiorem
646 2237 743 2298 quam
770 2214 902 2300 Reguli,
931 2217 1194 2299 praeponendam

182 2309 306 2387 minen,
332 2323 392 2368 nec
415 2303 521 2386 magis
544 2302 769 2386 expetendam,
797 2303 853 2368 sed
876 2303 980 2388 magis
1004 2304 1195 2368 sumendam

183 2396 228 2476 et,
251 2392 280 2458 si
303 2391 392 2474 optio
416 2393 514 2474 esset,
543 2390 726 2476 eligendam
748 2389 885 2473 Metelli,
912 2389 1033 2476 Reguli
1059 2392 1194 2456 reicien-

183 2481 272 2564 dam3
294 2499 368 2564 ego,
391 2500 489 2563 quem
510 2479 567 2544 ille
589 2479 850 2564 praeponendam
878 2482 911 2543 et
937 2479 1043 2563 magis
1071 2479 1193 2565 eligen·
1208 2505 1231 2546 a

183 2569 272 2653 dam,
303 2567 481 2633 beatiorem
510 2566 596 2632 hanc
624 2568 751 2651 appello
782 2588 841 2632 nec
869 2567 934 2632 ullo
964 2567 1097 2632 minimo
1126 2589 1195 2634 mo-

129 2678 165 2728 so
183 2660 294 2720 mento
324 2654 397 2739 plus
426 2656 457 2718 ei
486 2656 573 2720 vitae
602 2655 711 2720 tribuo
741 2675 839 2738 quam
868 2652 977 2720 Stoici.
1031 2654 1115 2730 Quid
1146 2656 1194 2721 in-

182 2746 298 2824 terest,
324 2743 389 2807 nisi
416 2742 502 2827 qnod
524 2764 585 2828 ego
608 2763 660 2807 res
682 2746 778 2808 notas
801 2743 886 2810 notis
914 2743 1021 2808 verbis
1053 2743 1195 2827 appello,

183 2830 234 2896 illi
254 2829 388 2894 nomina
409 2851 494 2896 nova
517 2834 689 2915 quaerunt,
711 2830 829 2917 quibus
851 2830 939 2896 idem
961 2829 1092 2896 dicant?
1132 2830 1194 2914 Ita,

184 2940 279 3004 quem
311 2917 353 2982 ad
384 2917 514 2984 modum
541 2919 576 2984 in
603 2922 719 2983 senatu
746 2939 872 3001 semper
901 2922 951 2984 est
980 2919 1112 3003 aliquis,
1139 2921 1194 3004 qui
1208 2945 1234 2986 ao

183 3008 395 3089 interpretem
426 3007 582 3089 postulet,
619 3007 665 3070 sio
696 3006 753 3070 isti
784 3005 880 3072 nobis
912 3027 985 3072 cum
1016 3007 1194 3090 interprete

184 3093 335 3159 audiendi
362 3098 446 3158 runt.
500 3092 627 3158 Bonum
659 3093 801 3178 appello,
831 3094 982 3178 quiequid
1018 3094 1194 3160 secundum

184 3186 344 3258 naturam¹
358 3184 421 3264 est,
445 3182 529 3265 quod
552 3185 673 3262 contra,
695 3182 831 3263 malurn,
853 3203 913 3246 nec
930 3202 991 3265 ego
1010 3182 1115 3266 solus,
1138 3181 1194 3251 sed

183 3275 221 3334 tu
240 3271 353 3351 etiem,
377 3266 572 3352 Chrysippe,
594 3270 629 3333 in
647 3269 733 3353 foro,
755 3269 856 3354 domi3
880 3270 914 3334 in
932 3269 1044 3334 schola
1062 3270 1193 3336 desinis.

184 3356 269 3432 Quid
296 3356 395 3442 ergo?
423 3355 518 3419 aliter
544 3356 706 3438 homines,
738 3357 832 3422 eliter
863 3357 1075 3440 philosophos
1103 3359 1194 3442 loqui
1207 3385 1235 3426 es
1266 3345 1267 3413 l

185 3446 281 3525 putas
309 3441 480 3526 oportere?
532 3441 652 3518 Quanti
680 3443 818 3527 quidque
846 3445 902 3527 sit,
929 3445 1023 3510 aliter
1050 3445 1139 3514 docti
1161 3450 1194 3513 et

185 3529 322 3612 indocti;
350 3529 405 3594 sed
432 3549 506 3594 cum
533 3530 716 3595 eonstiterit
743 3531 828 3596 inter
850 3531 977 3616 doctos,
1004 3534 1118 3615 quanti
1142 3554 1193 3600 res
