2574 3956
169 204 231 268 148
330 182 378 257 'un
397 200 541 256 eiulans
561 198 741 254 eouoauu
759 201 806 254 ur
825 199 1007 255 nnnoauu

168 388 253 431 mum
291 386 414 446 casum,
455 384 550 447 quem
591 364 726 446 propter
766 361 860 428 fidem
898 361 1179 445 constantiamque

168 455 365 537 susceperat,
392 452 448 536 qui
474 450 570 516 nobis
594 449 786 514 miserabilis
815 449 940 514 videtur
963 450 1179 532 audientibus,

167 542 216 606 illi
238 540 433 625 perpetienti
456 542 527 603 erat
548 538 758 621 voluptarius.
802 537 879 602 Non
902 538 987 601 eninr
1010 537 1179 602 hilaritate

167 651 227 694 nec
250 629 383 694 lascivia
404 649 463 692 noc
486 627 553 691 risu
577 631 634 690 aut
655 627 741 704 ioco,
764 627 881 690 comite
901 626 1059 708 levitatis,
1083 647 1179 709 saepe

116 718 266 788 scotiam
289 717 401 780 tristes
424 714 576 780 firmitate
600 717 634 778 et
655 714 840 779 constantia
866 718 942 778 sunt
963 713 1061 778 beat'.
1106 712 1206 779 stu-⁵

168 809 262 888 prata
290 827 346 887 per
373 805 440 868 vim
463 802 612 868 Lucretia
646 802 774 886 aregis
800 802 869 866 filio
897 804 1019 866 testata
1041 802 1120 865 civis
1145 823 1179 865 se
1267 805 1268 808 ’

168 896 240 978 ipsa
272 891 444 956 interemit.
503 889 566 954 Hic
597 889 689 955 dolor
717 891 831 974 populi
861 889 1002 954 Romani
1035 889 1113 954 duce
1146 893 1180 954 et

169 986 299 1046 auctore
317 979 419 1044 Bruto
442 1000 540 1044 causa
559 979 682 1042 civitati
702 978 863 1042 libertatis
886 977 960 1060 fuit,
984 977 1025 1043 ob
1046 978 1179 1062 eiusque

169 1069 314 1133 mulieris
342 1067 531 1132 memoriam
558 1067 663 1148 primo
691 1087 776 1130 anno
805 1069 838 1130 ct
865 1067 969 1130 viret
993 1069 1087 1148 pater
1110 1067 1179 1130 eius

169 1156 281 1221 consul
311 1160 361 1219 est
387 1156 501 1219 factus.
550 1154 669 1218 Tenuis
695 1153 732 1219 L.
759 1152 934 1237 Verginius
962 1175 1107 1237 unusque
1139 1153 1179 1217 de
1195 1176 1220 1217 ro

169 1244 280 1308 multis
318 1242 518 1327 sexagesimo
555 1262 639 1306 anno
680 1244 757 1330 post
795 1241 980 1306 libertatem
1015 1244 1179 1325 receptam

169 1331 327 1415 virginem
358 1331 459 1395 filiam
492 1351 550 1394 sua
581 1351 679 1394 manu
711 1329 828 1394 occidit
859 1329 981 1412 potius,
996 1407 998 1410 Ι
1014 1351 1110 1413 quam
1142 1351 1180 1393 ea

169 1418 229 1503 Ap.
258 1417 385 1484 Claudii
414 1417 555 1500 libidini,
582 1418 637 1501 qui
663 1421 734 1482 tum
763 1420 833 1482 erat
859 1439 927 1482 cum
960 1439 1086 1482 summo
1118 1418 1178 1481 inr-

116 1508 273 1621 211)(θτὶο,
296 1506 473 1571 dederetur.

117 1637 149 1685 67
235 1596 303 1659 Aut
334 1594 414 1659 haec
444 1595 521 1678 tibi,
552 1593 728 1678 Torquate,
760 1598 835 1659 sunt
865 1595 1092 1678 vituperanda,
1123 1598 1181 1659 aut
1195 1619 1221 1658 15

169 1684 385 1767 patrocinium
421 1683 600 1767 voluptatis
639 1682 882 1766 repudiandum.
940 1683 1032 1758 Quod
1069 1687 1196 1749 autem

168 1771 386 1855 patrocinium
408 1774 465 1836 aut
494 1793 574 1855 quae
597 1771 663 1835 ista
685 1791 783 1835 eausa
805 1774 855 1834 est
877 1771 1069 1855 voluptatis,
1097 1793 1180 1854 quae

131 1925 133 1931 ,
167 1881 227 1924 nec
253 1863 353 1924 testes
380 1860 465 1924 ullos
494 1881 511 1922 e
539 1859 635 1924 claris
662 1859 740 1923 viris
763 1881 821 1924 nee
850 1858 1035 1924 laudatores
1058 1860 1180 1943 poterit

169 1948 345 2012 adhibere?
402 1945 449 2012 Ut
485 1947 570 2010 enim
607 1967 667 2012 nos
704 1969 741 2011 ex
774 1946 939 2011 annalium
971 1947 1179 2012 monimentis
1270 1955 1271 1960 ’

168 2038 267 2099 testes
295 2035 472 2099 excitamus
501 2056 570 2116 eos,
598 2056 733 2118 quorum
761 2035 865 2099 omnis
892 2035 960 2099 vita
987 2040 1180 2119 consumpta
1194 2060 1220 2098 20

170 2126 220 2186 est
237 2123 272 2186 in
289 2122 457 2186 laboribus
476 2122 639 2206 gloriosis,
663 2124 718 2206 qui
736 2123 913 2206 voluptatis
930 2145 1050 2188 nomen
1067 2125 1179 2188 audire

168 2232 234 2275 non
267 2212 411 2292 possent,
444 2210 489 2274 sic
517 2211 552 2273 in
583 2211 699 2274 vestris
737 2210 1010 2293 disputationibus
1042 2210 1180 2276 historia

169 2301 260 2362 muta
292 2301 350 2362 est.
398 2296 583 2383 Numquam
616 2298 725 2362 audivi
751 2299 786 2362 in
812 2297 946 2382 Epicuri
975 2298 1088 2364 schola
1116 2297 1180 2383 Ly·

170 2405 317 2470 curgum,
356 2383 522 2470 Solonem,
561 2386 754 2470 Miltiadem,
790 2385 1057 2470 Themistoclem,
1092 2387 1180 2470 Epa·

169 2475 356 2539 minondam
379 2475 556 2558 nominari,
583 2476 638 2559 qui
666 2474 699 2539 in
724 2495 777 2538 ore
808 2476 884 2537 sunt
907 2477 1087 2540 ceterorum
1111 2496 1179 2539 om·
1195 2499 1221 2540 es

168 2563 257 2626 nium
281 2561 559 2645 philosophorum.
611 2560 705 2627 Nunc
727 2584 817 2645 vcro,
841 2562 994 2645 quoniam
1017 2562 1096 2627 haee
1118 2585 1179 2628 uos
1271 2583 1272 2588 ¹

169 2649 268 2713 ctiam
294 2651 434 2714 tractare
462 2651 642 2734 coepimus,
674 2648 894 2732 suppeditabit
923 2649 1018 2714 nobis
1049 2650 1179 2715 Atticus

117 2759 150 2807 ss
169 2739 280 2801 noster
298 2757 315 2800 e
333 2737 493 2802 thesauris
517 2738 583 2801 suis
606 2759 686 2821 quos
705 2740 738 2801 et
761 2741 898 2821 quantos
921 2738 1021 2802 viros!
1062 2735 1180 2804 Nonne

169 2824 285 2888 melius
309 2828 360 2887 est
382 2824 421 2888 de
443 2825 495 2889 his
516 2824 639 2908 aliquid
661 2846 757 2908 quam
779 2825 880 2889 tantis
898 2825 1114 2890 voluminibus
1139 2827 1179 2890 de

168 2911 335 2976 Themista
356 2912 467 2995 loqui?
504 2911 578 2976 Sint
599 2913 664 2976 ista
682 2912 893 2995 Graecorum,
917 2934 1111 2997 quamquam
1136 2914 1178 2979 ab
1194 2940 1221 2980 eo

169 3001 208 3064 iis
232 2999 474 3083 philosophiam
497 3002 530 3063 et
552 3021 662 3064 omnes
691 3000 848 3085 ingenuas
871 3000 1057 3085 disciplinas
1080 3001 1179 3067 habe-

169 3109 254 3171 mus3
284 3087 338 3150 sed
365 3090 476 3151 tamen
503 3090 553 3151 est
582 3087 716 3171 aliquid,
744 3089 829 3172 quod
855 3088 949 3153 nobis
976 3111 1042 3153 uon
1073 3089 1179 3173 liceat,

169 3177 265 3241 liceat
288 3174 363 3239 illis,
407 3173 559 3259 Pugnant
581 3173 683 3240 Stoici
709 3197 780 3240 cum
803 3176 1037 3259 Peripateticis.
1073 3176 1179 3242 Alteri

168 3267 291 3349 negant
322 3262 493 3346 quicquam
526 3284 596 3328 esse
630 3264 765 3347 bonum,
797 3264 859 3328 nisi
892 3264 978 3346 quod
1006 3265 1179 3330 honestum

169 3352 227 3432 sit,
255 3351 351 3416 alteri
377 3351 551 3434 plurimum
582 3372 615 3415 se
643 3355 676 3414 et
698 3352 796 3436 longe
819 3351 978 3437 longeque
1004 3354 1178 3436 plurimum
1192 3379 1220 3419 as

168 3439 312 3503 tribuere
339 3438 515 3522 honestati,
543 3439 598 3503 sed
624 3442 734 3502 tamen
762 3441 794 3503 et
816 3440 852 3503 in
875 3459 1009 3523 corpore
1032 3445 1064 3505 et
1086 3444 1179 3505 extra

170 3545 240 3591 esse
263 3527 419 3609 quaedam
442 3528 536 3592 bona.
571 3525 616 3589 Et
639 3531 800 3590 certamen
821 3525 994 3592 honestum
1018 3534 1051 3593 ct
1072 3529 1178 3614 dispu-
