2438 3966
149 197 192 261 22
420 189 711 254 ACADEMIOORUM
729 197 894 252 PRIORUM

148 361 235 426 toria
260 383 326 426 non
353 360 524 425 admodum
547 361 806 445 exspectabatur,
829 361 884 445 qui
908 361 1182 426 adulescentiam

149 450 184 514 in
201 449 322 514 forensi
341 471 448 532 opera,
467 452 657 533 quaesturae
677 449 863 514 diuturnum
880 453 1008 534 tempus
1023 447 1183 514 Murena

149 536 272 602 bellum
289 537 325 600 in
337 537 441 602 Ponto
460 540 590 622 gerente
608 537 642 601 in
657 535 737 602 Asia
754 538 790 602 iu
807 559 885 620 pace
904 541 1180 622 consumpserat.

150 623 211 690 Sed
234 625 432 690 incredibilis
456 625 612 709 quaedam
634 624 757 710 ingenii
775 625 966 709 magnitudo
986 647 1051 690 non
1077 626 1180 690 desi-

149 714 275 779 deravit
292 713 463 779 indocilem
477 735 559 777 usus
577 714 790 796 disciplinam.
826 713 940 798 Itaque
959 736 1032 778 cum
1049 717 1178 779 totum
1195 738 1209 778 5

148 802 211 866 iter
234 805 267 866 et
290 802 531 886 navigationem
550 801 802 885 consumpsisset
823 803 944 885 partim
966 803 1001 866 in
1022 823 1176 887 percon-

148 891 247 955 tando
275 913 295 954 a
321 890 448 975 peritis,
475 890 595 974 partim
621 890 656 955 in
683 891 779 956 rebus
807 891 908 974 gestis
939 890 1100 974 legendis,
1135 891 1175 954 in

148 977 262 1044 Asiam
289 977 395 1044 factus
418 978 593 1061 imperator
620 979 719 1060 venit,
747 999 819 1042 cum
842 982 928 1043 esset
954 978 1058 1043 Roma
1083 1001 1175 1064 pro-

148 1066 214 1131 fect
199 1070 252 1131 tus
275 1067 323 1131 rei
341 1066 491 1131 militaris
510 1066 608 1131 rudis.
645 1066 770 1130 Habuit
791 1067 876 1130 enim
895 1066 1038 1131 divinam
1057 1089 1173 1152 quan-

149 1155 223 1219 dam
241 1155 430 1219 memoriam
446 1175 566 1239 rerum,
585 1155 755 1220 verborum
774 1154 930 1218 maiorem
947 1154 1216 1238 Hortensiu531o

149 1242 205 1306 sed
237 1264 299 1326 quo
326 1243 465 1326 plusin
432 1242 633 1327 mnegotiis
665 1242 814 1327 gerendis
845 1264 896 1307 res
929 1265 1025 1327 quam
1057 1207 1171 1308 verba,

148 1335 298 1432 prosunt,
329 1331 391 1395 hoc
423 1334 492 1395 erat
520 1330 676 1395 memoria
706 1330 765 1394 illa
795 1332 1026 1414 praestanti0r3
1059 1354 1169 1416 quam

148 1419 301 1483 fuissem
319 1419 544 1501 Themistocle,
567 1441 661 1502 quem
683 1418 779 1483 facile
802 1417 955 1484 Graeciae
977 1420 1168 1504 principem

148 1507 315 1590 ponimus,
343 1469 544 1591 singulareni
562 1507 683 1571 ferunt·
676 1506 765 1591 ,qui
787 1506 917 1590 quidem
940 1508 1039 1572 etiam
1058 1509 1168 1608 polli-

149 1596 235 1660 centi
253 1595 378 1660 cuidam
398 1617 432 1660 se
451 1599 554 1660 artem
573 1596 603 1660 ei
620 1595 809 1678 memoriae,
826 1617 909 1684 quae
927 1598 997 1659 tum
1015 1596 1210 1679 primumn

148 1683 383 1768 proferebatur,
410 1683 606 1748 traditurum
632 1675 836 1768 respondisse
864 1682 982 1748 dicitur
1007 1683 1165 1749 oblivisci

150 1793 184 1835 se
210 1772 307 1837 malle
330 1773 464 1854 discere,
493 1772 599 1855 credo,
624 1773 709 1856 quod
731 1771 942 1836 haerebant
931 1794 967 1836 ιιι
990 1774 1165 1855 memoria,

149 1882 368 1944 quaecumque
396 1860 540 1925 audierat
568 1863 600 1923 et
586 1860 760 1924 tviderat
808 1859 921 1924 Tali
910 1860 1042 1943 mgenio
1065 1882 1163 1943 prae-

148 1949 234 2013 ditus
261 1948 414 2013 Lucullus
444 1948 691 2012 adiunxeratet
659 1947 757 2012 etiam
779 1947 882 2030 illam,
910 1970 1007 2031 quam
1029 1948 1163 2048 Themis

149 2037 268 2102 stocles
292 2039 470 2120 spreverat,
492 2036 708 2120 disciplinam,
732 2035 899 2120 itaque,u
878 2035 978 2100 utlit
964 2035 1057 2100 tteris
1082 2025 1162 2102 cori-
1178 2060 1205 2098 so

149 2125 347 2225 signamus,
365 2146 446 2207 quae
481 2124 698 2188 monumentis
731 2124 883 2188 mandare
914 2124 1077 2209 volumus,
1112 2126 1163 2190 sio

114 2213 245 2282 aille
235 2234 271 2276 ιιι
296 2212 403 2286 animo
432 2233 483 2276 res
511 2212 688 2297 insculptas
720 2213 870 2277 habebat
923 2212 1046 2276 Tantus
1079 2235 1161 2298 ergo

149 2301 325 2384 imperator
342 2300 377 2363 in
395 2302 485 2364 omni
502 2320 620 2384 genere
638 2301 717 2366 belli
735 2301 810 2384 fuit,
828 2301 970 2384 proeliis,
991 2321 1161 2385 oppugna·

147 2389 300 2472 tionibus,
322 2389 493 2454 navalibus
515 2390 633 2472 pugnis
654 2389 817 2472 totiusque
840 2388 918 2452 belli
940 2389 1160 2455 instrumento

150 2480 183 2541 et
196 2477 363 2560 adparatu,
377 2479 415 2540 ut
427 2476 484 2540 ille
498 2498 554 2540 rex
567 2481 643 2560 post
653 2476 871 2541 Alexandrum
885 2477 1159 2543 maxumushunc
1174 2501 1199 2542 ιι

149 2589 168 2630 a
185 2587 218 2630 se
237 2566 392 2630 maiorem
410 2565 522 2630 ducem
536 2566 702 2649 cognitum
717 2587 813 2648 quam
827 2586 1021 2649 quemquam
1036 2587 1160 2650 eorum,

149 2675 230 2738 quos
247 2653 390 2738 legisset,
412 2652 578 2717 fateretur.
610 2653 649 2716 Ιιι
667 2654 779 2717 eodem
796 2655 888 2716 tanta
905 2652 1077 2736 prudentia
1094 2654 1161 2719 fuit

148 2743 183 2806 in
224 2741 457 2807 constituendis
497 2740 778 2826 temperandisque
814 2741 1018 2825 civitatibus,
1063 2746 1160 2807 tanta

149 2831 309 2915 aequitas,
344 2832 381 2893 ut
411 2827 507 2893 hodie
540 2833 605 2894 stet
636 2828 716 2894 Asia
747 2827 874 2893 Luculli
902 2829 1063 2894 institutis
1092 2851 1159 2894 ser-

149 2919 262 2984 vandis
278 2922 311 2983 et
330 2918 422 3002 quasi
441 2918 589 3001 vestigiis
607 2916 845 3001 persequendis.
878 2915 939 2981 Sed
957 2919 1018 2982 etsi
1037 2939 1159 3003 magna
1173 2942 1197 2982 ao

149 3029 221 3072 cum
239 3007 382 3071 utilitate
400 3005 448 3070 rei
465 3006 622 3090 publicae,
640 3011 750 3070 tamen
767 3006 897 3088 diutius,
917 3027 1014 3089 quam
1033 3006 1159 3090 vellem,

149 3100 241 3161 tanta
268 3095 317 3158 vis
345 3094 476 3159 virtutis
504 3098 599 3177 atque
626 3094 749 3177 ingenii
776 3094 981 3178 peregrinata
1005 3093 1088 3159 afuit
1115 3095 1158 3162 ab

150 3184 251 3249 oculis
280 3182 403 3248 ctiori
431 3186 464 3246 et
491 3182 606 3246 curiae.
657 3181 876 3265 Quinetiam,
904 3203 976 3246 cum
1003 3183 1107 3248 victor
1139 3206 1159 3247 a

148 3271 369 3336 Mithridatico
406 3271 493 3336 bello
528 3270 725 3352 revertisset,
756 3269 961 3334 inimicorum
993 3270 1159 3336 calumnia

148 3359 287 3425 triennio
323 3359 446 3425 tardius
483 3379 578 3442 quam
615 3357 769 3422 debuerat
804 3357 1028 3441 triumphavit.
1085 3357 1158 3426 Nos
1172 3383 1195 3424 ιι

148 3449 234 3512 enim
263 3448 410 3512 consules
439 3445 674 3510 introduximus
708 3467 812 3529 paene
834 3445 869 3510 in
892 3447 1004 3510 urbem
1028 3468 1157 3513 currum

147 3536 320 3601 clarissimi
338 3536 414 3619 viri3
435 3534 525 3600 ciuus
544 3534 626 3598 mihi
644 3533 814 3600 consilium
834 3537 867 3600 et
885 3535 1062 3601 auctoritas
1081 3537 1158 3620 quid
