2564 3950
173 203 239 266 298
368 201 667 256 TUSCULANARUM
684 202 989 258 DISPUTATIONUM

173 366 260 430 enim
283 365 443 430 rationem
465 363 561 430 Plato
583 364 707 430 nullam
738 365 878 429 adferret
899 363 1000 450 (uide,
1028 366 1107 450 quid
1130 365 1197 431 ho·

173 453 254 516 mini
285 452 455 536 tribuam),
491 453 563 536 ipsa
599 453 793 518 auctoritate
828 475 881 517 me
917 453 1100 540 frangeret3
1136 458 1198 519 tot
1273 455 1274 528 l

175 546 282 607 autem
314 542 456 605 rationes
489 541 614 624 attulit,
644 544 682 604 ut
717 540 801 604 velle
833 542 970 624 ceteris,
1002 542 1068 607 sibi
1100 547 1196 608 corte

173 631 371 712 persuasisse
399 628 553 694 videatur.

121 777 164 905 {g
243 805 305 872 Sed
323 806 454 889 plurimi
468 809 581 870 contra
595 807 743 872 nituntur
757 806 946 889 animosque
964 808 1061 890 quasi
1079 808 1193 892 capite
1210 833 1224 873 5

175 894 346 958 damnatos
373 899 481 960 morte
505 893 659 977 multant,
685 915 788 977 noque
811 893 900 958 aliud
924 899 975 958 est
1005 896 1193 980 quicquam,

175 1005 232 1047 cur
253 981 453 1048 incredibilis
476 981 516 1046 iis
538 983 719 1048 animorum
742 981 891 1067 uideatur
913 983 1101 1067 aeternitas
1123 986 1194 1049 nisi

175 1071 460 1156 quoiusquam,
482 1071 589 1154 qualis
612 1070 738 1134 animus
761 1071 805 1134 sit
828 1091 945 1135 vacans
968 1093 1114 1155 corpore,
1140 1071 1193 1136 in-

174 1159 329 1241 tellegere
358 1162 391 1222 et
415 1159 614 1242 cogitatione
643 1157 922 1241 comprehendere.
975 1159 1077 1236 Quasi
1109 1183 1192 1226 vero

175 1246 380 1330 iutellegant,
407 1247 511 1329 qualis
539 1247 582 1310 sit
608 1247 643 1310 in
669 1246 742 1330 ipso
769 1267 917 1330 corpore,
947 1269 1031 1330 quae
1059 1249 1192 1314 confor·
1209 1276 1240 1312 10

176 1335 291 1417 matio,
309 1356 391 1419 quae
410 1334 614 1419 magnitudo,
632 1334 688 1418 qui
706 1333 812 1418 loeus,
830 1338 900 1418 aut,
920 1335 949 1399 si
966 1335 1034 1400 iam
1051 1341 1194 1420 possent

175 1423 210 1486 in
239 1423 370 1490 homine
396 1423 471 1487 vivo
499 1422 586 1487 cerni
613 1423 736 1504 omnia,
764 1429 846 1506 quae
871 1445 958 1488 nunc
984 1428 1074 1489 tecta
1102 1430 1194 1509 sunt,

175 1533 349 1575 casurusne
376 1511 411 1574 in
438 1514 644 1594 conspectum
671 1510 819 1575 videatur
846 1512 987 1596 animus,
1021 1535 1063 1577 an
1094 1517 1194 1578 tanta

122 1623 155 1670 51
177 1599 220 1662 sit
252 1601 320 1664 eius
351 1599 509 1673 tenuitas,
541 1602 578 1664 ut
608 1599 714 1683 fugiat
746 1597 863 1663 acic'm!
914 1599 1004 1664 Haeo
1034 1605 1193 1684 reputent

175 1687 246 1771 isti,
273 1689 326 1773 qui
354 1691 476 1772 negant
503 1687 646 1752 animum
673 1687 743 1752 sine
765 1708 904 1770 *corpore
931 1709 966 1752 se
995 1689 1191 1774 intellegere
1207 1717 1236 1755 15

175 1797 285 1860 posse3
317 1777 483 1860 videbunt,
521 1797 615 1860 quern
647 1775 683 1840 in
716 1775 786 1858 ipso
820 1796 952 1858 corpore
984 1777 1191 1861 mtellegant

175 1863 257 1929 Mihi
281 1865 409 1948 quidem
432 1868 582 1930 naturam
605 1863 706 1928 animi
734 1864 874 1928 intuenti
896 1864 1000 1928 multo
1023 1864 1193 1932 difficilior
1273 1913 1274 1918 η

176 1953 317 2018 occurrit
339 1952 510 2037 cogitatio,
539 1952 640 2016 multo
664 1951 845 2035 obscurior,
872 1952 977 2035 qualis
1002 1952 1129 2018 animus
1154 1955 1192 2017 in

174 2062 310 2125 corpore
348 2041 441 2105 sitt
426 2043 594 2124 tamquam
625 2039 748 2104 alienae
781 2039 904 2124 domui,
941 2062 1039 2124 quam
1072 2042 1192 2126 qualis,

175 2151 248 2193 cum
268 2129 381 2192 exierit
404 2129 469 2192 et
458 2149 494 2192 ur
516 2128 656 2192 liberum
678 2127 802 2193 caelum
826 2128 918 2211 qnasi
942 2127 1074 2194 domum
1094 2151 1191 2195 suam
1206 2157 1234 2196 so

175 2217 308 2281 venerit.
343 2215 418 2281 Nisi
437 2218 536 2301 enim,
558 2215 645 2301 quod
661 2237 839 2300 numquam
859 2216 1011 2300 vidimus,
1034 2218 1068 2282 id
1091 2219 1192 2302 quale

176 2307 232 2389 sit,
260 2305 450 2390 intellegere
476 2327 542 2370 non
569 2325 755 2388 possumus,
782 2307 868 2368 certe
896 2308 930 2369 et
958 2304 1090 2369 deum
1080 2328 1114 2389 1p
1117 2329 1192 2372 sum
1265 2374 1268 2380 ,

176 2393 386 2458 etdivinum
419 2395 563 2458 animum
601 2413 735 2476 corpore
773 2391 893 2456 liberat
879 2396 948 2457 tum
985 2393 1191 2476 cogitatione

176 2481 348 2566 complecti
376 2503 559 2565 possumus
603 2478 821 2546 Dicaearchus
849 2479 977 2563 quidem
1006 2486 1039 2545 et
1061 2481 1192 2548 Aristo·

176 2592 290 2654 renus,
313 2571 388 2655 quia
407 2570 546 2635 difficilis
566 2569 768 2652 eratenim,
791 2568 867 2652 quid
886 2572 943 2633 aut
966 2569 1072 2653 qualis
1092 2577 1191 2655 esset,
1205 2597 1233 2638 aa

176 2658 412 2742 intellegentia,
438 2658 564 2722 nullum
592 2657 723 2721 omnino
752 2657 896 2720 animum
927 2679 996 2722 esse
1029 2657 1192 2724 dixerunt.

122 2770 156 2818 52
176 2747 238 2811 Est
266 2747 348 2810 illud
375 2747 504 2830 quidem
526 2746 579 2809 vei
602 2767 789 2809 maxumum
813 2745 921 2810 animo
946 2746 1018 2828 ipso
1041 2746 1191 2812 animum

176 2835 297 2920 videre,
320 2839 353 2899 et
374 2835 526 2900 nimirum
548 2833 631 2898 hanc
654 2834 753 2897 habet
770 2833 837 2897 vim
858 2836 1068 2918 praeceptum
1086 2835 1192 2918 Apol·
1273 2887 1274 2908 2

175 2923 265 3007 linis,
293 2946 356 3008 quo
384 2926 507 3004 monet,
534 2924 572 2985 ut
599 2944 633 2986 se
662 2920 797 3005 quisque
824 2924 947 2986 noscat
992 2920 1069 2987 Non
1083 2924 1191 3007 euim,

176 3011 283 3096 credo,
310 3013 344 3077 id
370 2973 542 3096 praecipit,
569 3013 607 3073 ut
633 3010 779 3074 membra
805 3031 865 3073 nos
867 3012 918 3072 tra
947 3012 1004 3074 aut
1029 2975 1191 3077 staturani
1206 3040 1231 3080 5ο

131 3133 134 3140 ·
175 3101 353 3185 figuramve
380 3121 567 3181 noscamus3
596 3119 700 3182 neque
727 3119 786 3162 nos
815 3118 953 3181 corpora
980 3119 1106 3181 sumus,
1128 3121 1191 3165 nec

83 3205 94 3228 ·
176 3209 237 3274 ego
264 3189 327 3254 tibi
354 3189 436 3253 haec
464 3187 571 3251 dicens
599 3187 725 3269 corpori
752 3189 809 3250 tuo
837 3185 918 3251 dico
973 3183 1055 3251 Oum
1086 3150 1192 3271 igitur

177 3277 355 3343 Noscet
340 3280 377 3341 te
383 3275 505 3356 'dicit
483 3274 692 3338 thocdicit:
716 3272 1191 3341 Nosceanimumtnurn'
1273 3293 1274 3334 1

175 3363 262 3430 Nam
286 3386 401 3448 corpus
425 3325 554 3448 quitlem
578 3363 671 3447 quasi
693 3384 750 3437 vas
774 3365 824 3426 est
847 3367 905 3428 aut
932 3361 1065 3446 aliquod
1088 3365 1193 3430 animi

177 3453 429 3536 receptaculum
458 3452 498 3516 ab
523 3451 631 3535 animo
660 3455 717 3516 tuo
741 3451 890 3534 quicquid
914 3451 1034 3536 agitur,
1064 3451 1096 3514 id
1120 3454 1219 3537 agi-e
1221 3481 1232 3521 5
1273 3467 1274 3534 g

177 3547 231 3606 tur
254 3563 273 3605 a
296 3545 338 3606 te.
384 3540 478 3604 Hune
501 3539 603 3625 igitur
625 3561 721 3604 nosse
743 3538 807 3602 nisi
830 3539 974 3604 divinum
997 3543 1095 3622 esset,
1121 3561 1193 3607 non

1273 3689 1274 3722 l
