2586 3950
326 201 393 256 LIB.
412 202 460 258 111.
488 201 565 257 cAP.
585 207 631 272 20,
651 207 693 257 21.
722 207 878 268 §tt-72.
1041 205 1103 270 197

97 363 251 446 societas,
275 363 473 444 coniunctio,
495 363 675 445 caritas,e
677 364 931 429 ttemolumena
954 369 987 428 et
1010 366 1091 430 det
1049 371 1105 431 tr1

96 454 221 533 menta,
244 473 327 534 quae
350 445 549 533 ὠφελήματα
572 453 605 514 et
627 447 800 533 βλάμματα
821 451 999 536 appellant,
1022 475 1106 518 com-

97 539 208 602 munia
234 559 304 602 esse
327 537 512 622 volueruut;
535 559 671 621 quorum
691 539 794 604 altera
817 543 966 623 prosunt,
988 545 1106 606 nocent

98 625 209 690 altera.
245 625 358 710 Neque
377 625 482 708 solum
501 647 538 690 ea
557 626 747 708 communia,
765 648 876 692 verum
896 628 995 692 etiam
1013 629 1106 711 paria

13 765 14 768 ,
71 734 168 778 cesse
201 711 357 778 direnrnt.
411 713 621 779 Incommode
654 717 761 778 autem
789 718 822 777 et
848 715 1018 780 commoda
1047 713 1106 798 (ita

98 801 184 865 enim
211 795 462 884 εὐχρηστήματα
489 804 522 865 et
550 797 824 886 δυσχρηστήματα
852 802 996 886 appello)
1020 823 1106 868 com-

97 889 210 953 munia
241 909 326 953 esse·
344 889 528 972 voluerunt,
557 889 648 972 paria
679 890 860 954 noluerunt.
916 888 980 954 Illa
1011 892 1105 974 enim,

99 997 181 1061 quae
213 979 350 1058 prosunt
376 980 432 1042 aut
463 997 544 1060 quae
575 981 705 1062 nocent,
737 980 793 1041 aut
823 977 910 1043 bona
942 981 1017 1042 sunt
1049 985 1106 1042 aut

99 1064 198 1148 mala,
226 1085 306 1148 quae
335 1064 402 1128 sint
428 1064 519 1148 paria
545 1085 675 1130 necesse
703 1069 765 1147 ert3
798 1064 967 1130 commoda
997 1070 1105 1131 autem

58 1178 85 1217 ιο
99 1161 131 1216 et
153 1152 359 1216 incommoda
381 1153 417 1216 in
440 1173 476 1216 eo
501 1172 617 1237 genere
640 1156 729 1237 sunt,
756 1175 837 1237 quae
866 1153 1050 1238 praeposita
1073 1158 1106 1218 et

97 1240 218 1304 reiecta
254 1239 403 1322 dicimus,
439 1261 477 1304 ea
513 1244 651 1324 possunt
683 1241 776 1324 paria
807 1261 874 1306 uon
905 1262 984 1306 esse.
1043 1239 1106 1306 Sed

13 1361 14 1366 ι
99 1328 316 1393 emolumenta
353 1328 536 1394 communia
569 1349 638 1392 esse
678 1328 840 1412 dicuntur,
875 1333 961 1394 recte
998 1333 1106 1394 autem

97 1416 186 1481 facta
209 1420 242 1481 et
264 1419 398 1499 peecata
419 1438 486 1482 nen
507 1415 669 1481 habentur
691 1417 880 1481 communia.
916 1417 1105 1482 Amicitiam
1125 1431 1158 1479 ιο

99 1508 207 1570 autem
226 1503 441 1569 adhibendam
460 1524 530 1573 esse
549 1507 690 1587 censent,
709 1505 786 1588 quia
805 1505 849 1569 sit
864 1526 903 1568 ex
923 1525 960 1569 eo
980 1525 1106 1589 genere,

59 1615 84 1656 15
99 1613 181 1675 quae
218 1595 361 1675 prosunt.
417 1590 619 1677 Quamquam
656 1594 764 1658 autem
801 1591 836 1656 in
872 1591 1016 1656 amicitia
1052 1593 1107 1656 alii

99 1680 209 1745 dicant
237 1701 335 1764 aeque
363 1701 472 1744 caram
500 1701 569 1744 erse
598 1680 735 1762 sapienti
762 1679 921 1744 rationem
950 1680 1046 1744 amici
1069 1701 1106 1743 ac

99 1789 206 1851 suam,
232 1767 289 1832 alii
316 1770 425 1832 autem
453 1768 517 1832 sibi
544 1767 656 1852 cuique
686 1768 841 1831 cariorem
865 1789 970 1850 suam,
990 1769 1107 1833 tamen

97 1856 132 1919 hi
155 1877 281 1943 queque
304 1855 502 1939 posteriores
521 1855 624 1920 fetent
610 1859 664 1920 tur
683 1855 824 1920 alienum
845 1875 915 1920 esse
934 1876 954 1918 a
972 1854 1106 1935 iustitia,

98 1944 264 2029 adquam
290 1943 361 2008 nati
389 1965 459 2008 esse
481 1943 742 2025 videamur,t
687 1943 742 2008 det
743 1941 857 2008 rahere
884 1942 960 2027 quid
987 1941 1025 2006 de
1050 1942 1107 2006 ali·
1189 1989 1191 1992 -

58 2053 177 2116 coque,
205 2031 289 2117 quod
313 2031 375 2096 sibi
399 2035 553 2095 assumat
597 2029 730 2096 Minime
753 2052 828 2096 vero
853 1965 972 2116 prqcbat
972 2052 1010 2094 ur
957 2029 1108 2094 thuic

99 2121 299 2203 disciplinae,
318 2119 357 2182 de
376 2141 440 2203 qua
458 2118 583 2203 loquor,
602 2122 659 2184 aut
677 2119 837 2186 iustitiam
855 2123 912 2184 eut
931 2118 1107 2182 amicitiam

97 2230 179 2292 prop
158 2211 232 2291 pter
254 2207 378 2271 utilitat
344 2228 413 2271 aes
436 2206 573 2271 adscisci
596 2209 653 2270 aut
674 2199 813 2291 probari.
856 2205 997 2270 Eaedem
1021 2206 1108 2270 enim

99 2296 257 2360 utilitates
286 2297 438 2379 poterunt
473 2315 526 2360 eas
557 2293 823 2359 labefactaret
789 2297 885 2377 atque
916 2297 1107 2376 pervertere

98 2383 231 2448 Etenim
249 2403 308 2448 nec
326 2381 454 2446 iustitia
471 2403 530 2447 nec
547 2381 690 2446 amicitia
708 2401 778 2445 esse
797 2380 927 2445 omnino
946 2383 1108 2464 poterunt,

60 2496 85 2536 ιι
99 2471 164 2535 nisi
196 2471 286 2554 ipsae
318 2491 375 2553 per
403 2491 437 2534 se
465 2471 666 2553 expetuntur.
713 2468 768 2532 Ius
797 2471 853 2532 aut
854 2489 919 2552 em,
950 2467 1033 2551 quod
1061 2468 1108 2531 ita
1127 2480 1158 2528 71

100 2559 163 2622 dici
190 2558 409 2642 appellarique
436 2558 555 2641 possit,
587 2556 620 2620 id
649 2553 719 2620 esse
746 2559 875 2640 natura,
905 2555 1108 2639 alienumque

101 2666 171 2710 esse
195 2667 214 2709 a
236 2645 382 2730 sapiente
403 2666 471 2710 non
489 2644 617 2710 modo'
608 2644 759 2709 miuriam
781 2643 833 2707 cui
855 2641 973 2725 facere,
996 2665 1108 2707 verum

100 2733 200 2798 etiam
221 2755 347 2798 nocere.
392 2731 460 2798 Nec
488 2754 563 2796 vero
591 2735 715 2796 rectum
742 2735 792 2795 est
823 2751 895 2795 cum
919 2731 1029 2795 amicis
1054 2734 1110 2794 aut

99 2821 180 2886 bene
222 2821 346 2885 meritis
389 2820 573 2885 consociare
618 2823 674 2884 aut
711 2819 905 2903 coniungere
946 2819 1109 2904 iniuriam,

60 2933 86 2973 ao
100 2908 354 2992 gravissimeque
374 2911 407 2972 et
424 2907 590 2972 verissime
609 2906 791 2971 defenditur
806 2928 982 2990 numquam
1002 2907 1108 2990 aequi·

98 2999 200 3060 tatem
224 2996 266 3060 ab
284 2995 427 3060 utilitate
449 3017 545 3079 posse
566 2995 706 3080 seiungi,
729 2998 774 3078 et,
797 2993 946 3079 quiequid
971 3015 1108 3077 aequum

99 3085 283 3168 iustumque
325 3086 425 3167 esset,
469 3082 515 3154 id¹
538 3083 637 3146 etiam
680 3081 853 3148 honestum
893 3081 1108 3165 vicissimque,

99 3170 251 3255 quicquid
296 3175 382 3235 esset
420 3170 606 3254 honestum,
646 3169 680 3233 id
714 3171 836 3234 iustum
876 3170 975 3234 etiam
1011 3173 1108 3252 atque

100 3279 238 3343 aequum
265 3258 342 3323 fore.
393 3258 443 3322 Ad
473 3279 589 3343 easque
618 3258 767 3338 virtuter,
794 3258 833 3321 de
860 3257 976 3341 quibus
1000 3256 1107 3338 dispu-
1128 3269 1160 3318 va

62 3367 86 3410 ιι
99 3350 206 3410 tatum
230 3350 292 3429 est,
321 3346 522 3411 dialecticam
550 3346 649 3409 etiam
672 3345 853 3428 adiungunt
876 3347 909 3408 et
929 3343 1109 3428 physicam,

100 3455 216 3517 easque
249 3433 361 3498 ambas
393 3434 549 3498 virtutum
581 3433 712 3498 nomine
750 3430 928 3515 appellant,
965 3432 1110 3516 alteram,

99 3521 185 3604 quod
206 3521 328 3586 habeat
350 3521 526 3606 rationem,
547 3543 587 3586 ne
611 3521 663 3585 eni
684 3519 782 3586 falsu.
796 3519 1010 3585 assentiamur
1027 3541 1108 3584 neve
