2586 3950
176 200 239 264 196
334 200 382 254 DE
401 199 545 253 FINIBUS
563 198 743 254 BONORUM
761 199 808 252 ET
827 197 1013 254 MALORUM

174 361 277 426 tauris
299 365 416 425 natura
440 360 550 425 datum
574 363 635 443 est,
663 363 700 423 ut
720 381 779 442 pro
802 359 913 423 vitulis
936 363 1049 425 contra
1071 361 1182 426 leones

175 469 300 513 summa
328 450 360 512 ιι
391 449 578 531 impetuque
610 447 818 530 contendant,
847 447 893 511 sic
921 447 959 528 ii,
989 448 1044 531 qui
1072 449 1182 514 valent

175 537 291 619 opibus
315 539 411 621 atque
434 535 468 599 id
489 534 595 600 facere
623 538 773 617 possunt,
801 538 838 598 ut
865 533 904 598 de
927 533 1065 599 Hercule
1088 538 1121 599 et
1142 537 1182 600 de
1254 557 1258 566 ⁴

174 624 290 688 Libero
328 624 524 706 accepimus,
566 622 606 686 ad
643 622 836 686 servandum
877 641 977 705 genus
1012 622 1182 688 hominum

173 715 291 775 natura
313 711 498 775 incitantur.
539 710 647 793 Atque
670 709 768 773 etiam
791 709 902 774 Iovem
924 730 997 774 oum
1015 709 1090 793 Opt
1081 731 1210 777 rmums

175 798 422 864 etMaximum
458 797 593 861 dicimus
638 816 773 879 cumque
814 796 949 860 eundem
990 795 1182 883 Salutarem,

175 885 295 951 Host
246 886 454 986 pitalem,t
416 883 489 950 Stat
455 889 588 968 ιιοιιιιι,
610 882 673 948 hoc
693 884 840 968 intellegi
859 885 1020 963 volumus,
1044 849 1183 950 suluteni

174 973 371 1039 hominum
361 995 396 1037 ιιι
414 973 481 1037 eius
501 993 571 1036 esse
593 971 705 1036 tutela.
740 970 875 1035 Minime
896 976 1005 1036 autem
1024 973 1183 1057 convenit,

176 1083 249 1126 eum
272 1062 336 1144 ipsi
358 1061 443 1124 inter
465 1081 524 1124 nos
547 1059 627 1123 viles
644 1059 898 1142 neglectique
871 1081 985 1141 srmus,
1008 1061 1184 1145 postulare,

174 1153 212 1213 ut
240 1149 289 1212 dis
316 1147 555 1212 immortalibus
584 1147 650 1211 cari
678 1147 778 1210 simus
807 1150 841 1210 et
868 1146 908 1210 ab
936 1147 977 1211 iis
1001 1148 1183 1233 diligemur.
1198 1177 1224 1218 ιο

176 1236 279 1311 Quem
302 1235 343 1299 ad
365 1235 496 1300 modum
518 1235 620 1318 igitur
642 1233 795 1300 membris
814 1234 937 1299 utimur
958 1236 1063 1320 prius,
1086 1258 1183 1320 quam

175 1323 359 1406 didicimus,
396 1323 485 1387 cuius
522 1343 562 1386 ea
592 1343 689 1386 cause
725 1322 877 1387 utilitatis
908 1321 1099 1407 habeamus,
1136 1326 1182 1389 sic
1282 1369 1284 1376 -

174 1412 260 1475 inter
282 1432 341 1475 nos
364 1414 481 1474 natura
508 1409 548 1473 ud
572 1409 698 1473 civilem
729 1410 995 1474 communitatem
1017 1411 1184 1476 coniuncti

175 1502 208 1562 et
240 1497 416 1564 consociati
448 1517 567 1562 sumus.
621 1495 715 1572 Quod
742 1496 778 1560 ni
804 1497 853 1562 ita
880 1519 914 1561 se
943 1497 1091 1581 haberet,
1122 1520 1183 1564 nec

123 1604 156 1651 ιι
176 1587 320 1651 ιιιιιιιιι
338 1586 425 1650 ullus
445 1588 606 1650 essetnec
623 1584 765 1648 bonitati
787 1584 887 1648 locus.
924 1581 985 1648 Sed
1004 1586 1224 1669 quomodote

148 1717 153 1722 -
175 1675 343 1739 hominum
365 1674 450 1738 inter
471 1673 621 1737 homines
643 1672 723 1736 iuris
744 1693 814 1736 esse
837 1671 965 1736 vincula
986 1677 1113 1756 putant,
1136 1675 1182 1738 sio

175 1763 300 1827 homini
327 1761 409 1826 nihil
436 1761 516 1825 iuris
540 1781 610 1824 esse
633 1780 705 1824 oum
733 1759 856 1824 bestiis.
901 1759 1071 1824 Praeclare
1097 1763 1183 1826 enim

176 1849 387 1933 Chrysippus,
408 1853 515 1914 cetera
528 1851 606 1912 nata
620 1868 689 1911 csse
702 1846 870 1912 hominum
885 1868 982 1912 causo
996 1851 1029 1912 et
1042 1848 1183 1950 deorum,

176 1959 231 2002 eos
255 1943 363 2001 autem
386 1935 628 2001 communitatis
652 1937 685 1998 ct
707 1935 871 2000 societatis
894 1955 984 2020 suae,
1009 1939 1046 2000 ut
1068 1936 1164 2000 ιιιι”
1127 1940 1183 2000 tns

175 2025 322 2090 homines
350 2024 399 2087 uti
426 2023 467 2088 ad
488 2023 664 2088 utilitatem
693 2043 785 2087 suam
806 2028 954 2124 possent
958 2025 1028 2088 sinc
1051 2023 1183 2110 iniurie3
1197 2052 1223 2092 eo

176 2112 392 2196 quoniamque
411 2134 450 2176 ca
464 2114 582 2175 natura
599 2114 685 2174 esset
702 2108 853 2194 hominis,
870 2115 908 2174 ιιι
926 2111 956 2175 ιι
975 2132 1048 2175 cum
1066 2131 1183 2195 genere

175 2200 317 2264 humano
345 2199 437 2283 quasi
464 2197 596 2263 civile
585 2220 637 2262 rus
664 2197 888 2281 intercederet,
916 2198 971 2280 qui
999 2199 1033 2262 id
1057 2219 1182 2264 conser-

176 2290 281 2372 varet,
305 2307 377 2351 eum
399 2287 534 2364 iustum,
558 2286 613 2369 qui
636 2286 804 2370 migraret,
826 2248 983 2349 initiatum
1006 2285 1084 2352 fore
1120 2284 1183 2350 Sed

177 2374 335 2458 quemad
362 2374 508 2457 modurn,
534 2373 698 2438 theatrum
726 2395 800 2438 cum
822 2393 990 2437 commune
1013 2373 1070 2456 sit,
1096 2379 1183 2438 recte

176 2467 286 2528 tamen
309 2461 372 2527 diei
395 2461 550 2563 potest
523 2483 590 2526 erus
610 2481 679 2525 esse
697 2481 771 2524 eum
789 2461 908 2544 locum,
930 2481 1026 2543 quem
1048 2461 1183 2545 quisque
1197 2489 1223 2530 ιι

176 2550 354 2634 occuparit,
385 2550 488 2614 sicin
511 2549 590 2612 urbe
613 2547 773 2612 mundove
796 2548 957 2611 communi
983 2568 1049 2611 non
1073 2547 1183 2614 edver-

176 2639 306 2702 satur
297 2660 360 2720 rus,
398 2657 461 2720 quo
498 2637 605 2700 minus
642 2657 736 2702 suum
767 2635 905 2718 quidque
942 2636 1095 2719 cuiusque
1132 2637 1184 2700 sit.

123 2741 157 2790 68
177 2723 257 2790 Cum
293 2728 402 2788 autem
439 2724 479 2788 ud
518 2723 655 2788 tuendos
696 2722 995 2807 conservandosque
1035 2723 1183 2789 homines

176 2811 360 2877 hominem
371 2816 485 2878 natum
522 2832 592 2876 cese
627 2810 810 2892 videamus,
846 2806 1098 2874 cousentaneum
1134 2817 1185 2875 est

175 2901 252 2964 huic
273 2903 420 2982 naturae,
448 2903 484 2963 ut
507 2898 635 2981 sapiens
658 2897 738 2961 velit
765 2917 874 2981 gerere
902 2899 936 2960 et
956 2898 1183 2963 administrare
1197 2925 1223 2966 ec

176 3009 245 3052 rem
272 2987 436 3070 publicam
464 2987 636 3069 atque,ut
663 2988 820 3049 enatura
841 2985 945 3067 vivut,
974 3006 1107 3050 uxorem
1130 2986 1184 3050 ed-

177 3077 309 3160 iungere
342 3078 375 3140 ιι
401 3073 483 3137 ιιΠι
511 3094 550 3136 ex
577 3093 615 3136 ea
641 3072 770 3136 liberos
823 3071 874 3136 Ne
901 3093 1027 3137 amores
1055 3073 1184 3156 quidem

177 3167 307 3228 sanctos
327 3185 346 3226 a
365 3161 509 3244 sapiente
529 3160 650 3224 alienos
667 3180 736 3224 esee
751 3158 960 3226 arbitrantur.
992 3158 1185 3243 Cynicorum
1280 3201 1281 3248 ,

177 3255 285 3317 autem
308 3250 467 3314 rationem
491 3251 588 3332 atque
606 3247 654 3311 ιιι
655 3269 708 3311 am
730 3246 788 3310 alii
811 3246 957 3311 cadere
946 3269 982 3312 m
1005 3249 1184 3331 sapientem
1280 3253 1281 3292 l

177 3339 301 3420 dicunt,
328 3337 356 3402 si
384 3335 438 3419 qui
465 3335 533 3398 eius
562 3333 649 3398 modi
675 3334 759 3398 forte
787 3355 880 3399 casus
902 3334 1062 3417 inciderit,
1092 3339 1129 3400 ut
1149 3335 1184 3399 id
1198 3363 1224 3403 ιι

177 3425 360 3491 faciendum
382 3424 438 3506 sit,
461 3421 517 3486 alii
539 3421 622 3487 nulli
645 3422 749 3486 modo.

124 3563 157 3610 ,39
243 3511 289 3577 Ut
310 3532 385 3576 vero
410 3512 617 3574 conservetur
639 3509 743 3574 omnis
773 3509 898 3575 homini
922 3529 1000 3596 erga
1021 3510 1185 3578 hominem
