2544 3952
157 224 225 288 450
355 205 653 278 rusounlunaun
670 221 971 278 nrsrursrrouun

158 390 227 451 tate
250 387 337 451 vitae
360 386 561 450 conlocatam
583 389 692 470 putat,
719 395 921 449 cumrerum
945 407 1058 450 causas
1085 387 1169 454 alias

159 496 198 539 ex
225 476 299 540 aliis
328 476 423 557 aptas
444 477 485 558 ,et
511 474 702 538 necessitate
728 493 827 537 nexas
850 473 951 557 videt,
978 475 1094 558 quibus
1126 477 1169 541 ab

159 567 289 628 aeterno
316 565 461 646 tempore
489 562 662 626 fluentibus
689 561 724 626 in
751 563 917 626 aeternum
943 563 1027 626 ratio
1055 566 1170 636 tamen

106 664 138 712 71
159 672 313 735 mensque
327 650 519 715 moderatur.
550 648 639 714 Haec
657 649 713 712 ille
731 650 861 713 intuens
876 652 971 734 atque
988 651 1168 734 suspiciens

158 741 210 805 vel
228 739 338 824 potius
357 739 461 802 omnis
484 738 587 821 partis
606 758 742 823 orasque
765 735 1023 821 circumspiciens
1043 745 1198 824 quantas

157 849 267 893 rursus
292 827 391 890 animi
412 825 648 910 tranquillitate
670 825 813 890 humana
831 829 865 888 et
886 826 1039 890 citeriora
1061 829 1167 894 consi·

93 945 112 992 r
159 918 261 981 derat!
307 913 394 978 Hinc
416 914 474 978 illa
495 914 637 998 cognitio
660 913 791 978 virtutis
814 913 937 996 existit,
961 913 1169 980 efflorescunt

158 1025 277 1089 genera
299 1007 473 1087 partesque
494 1003 663 1084 virtutum,
689 1001 863 1083 invenitur,
891 1001 968 1086 quid
996 1003 1052 1088 sit,
1079 1004 1168 1088 quod

157 1096 276 1156 natura
294 1094 420 1175 spectet
439 1094 616 1155 extremum
637 1089 797 1172 inbonis,
819 1088 896 1172 quid
913 1089 949 1154 in
966 1091 1061 1156 malis
1079 1093 1169 1157 ultu-

158 1177 849 1352 ttt’tlttltfflttdtitulus
868 1177 1168 1352 tstttqtttz
1183 1204 1214 1243 ¹⁰

159 1355 221 1420 hoc
244 1355 296 1420 vel
319 1355 457 1419 maxime
481 1354 631 1438 efficitur,
658 1353 744 1438 quod
773 1353 834 1418 hac
857 1352 1074 1438 disputatione
1098 1359 1169 1440 agi·

106 1545 139 1595 ⁷2
157 1465 258 1598 tlt.
275 1446 445 1616 titt
466 1441 1169 1616 ttrlffttlttttrl,ultast

157 1621 224 1685 tiac
247 1622 358 1684 manat
381 1623 414 1683 et
435 1618 593 1702 funditur,
615 1639 698 1702 quae
719 1638 789 1682 rem
812 1618 936 1702 definit,
961 1638 1080 1702 genera
1095 1621 1167 1686 dis·
1183 1644 1211 1684 ra

157 1708 270 1792 pertit,
293 1707 459 1791 sequentia
481 1706 642 1790 adiungit,
665 1705 810 1794 perfecta
833 1706 1008 1792 concludit,
1035 1728 1111 1772 vera
1134 1714 1169 1774 et
1252 1710 1264 1739 ¹

157 1797 242 1860 falsa
269 1794 436 1878 diiudicat,
462 1793 640 1859 disserendi
668 1795 753 1859 ratio
782 1797 814 1858 et
842 1794 985 1860 scientia
1029 1794 1080 1860 Ex
1103 1817 1169 1880 qua

159 1893 231 1950 curn
254 1905 381 1948 summa
407 1882 533 1948 utilitas
558 1881 667 1946 existit
691 1881 804 1946 adres
831 1881 1068 1966 ponderandas,
1095 1887 1168 1948 tum
1263 1919 1264 1961 ,

158 1993 308 2038 maxume
333 1973 473 2056 ingenua
501 1969 671 2036 delectatio
700 1973 732 2033 et
759 1969 858 2054 digna
885 1971 1054 2052 sapientia
1105 1969 1168 2036 Sed
1262 2047 1263 2050 Ἴ

158 2061 238 2125 haec
262 2058 330 2124 otii.
376 2058 535 2123 Transeat
555 2058 641 2123 idem
663 2056 727 2122 istc
751 2057 879 2140 sapiens
903 2057 943 2122 ad
966 2079 1034 2122 rem
1059 2059 1167 2143 publi·
1181 2083 1210 2122 ro
1262 2055 1263 2069 l

158 2170 230 2214 cam
253 2145 415 2211 tuendam.
451 2146 536 2222 Quid
558 2167 596 2210 eo
619 2146 724 2228 possit
747 2167 818 2210 esse
840 2146 1069 2229 praestantius,
1092 2167 1168 2210 cum
1250 2161 1262 2228 „¹

160 2234 346 2317 [contineri]
370 2234 544 2318 prudentia
561 2235 738 2298 utilitatem
756 2233 875 2298 civium
893 2237 1016 2317 cernat,
1039 2234 1168 2300 iustitia

158 2323 241 2389 nihil
268 2324 304 2388 in
332 2344 423 2388 suam
450 2323 580 2388 domum
610 2323 684 2388 inde
720 2321 856 2404 derivet,
891 2321 1023 2406 reliquis
1054 2325 1168 2388 utatur

158 2415 209 2478 tot
231 2414 300 2477 tam
322 2411 482 2495 variisque
505 2409 700 2476 virtutibus?
750 2409 901 2495 Adiunge
923 2409 1065 2474 fructum
1087 2411 1167 2474 ami-

136 2501 322 2582 citiarum,
353 2500 388 2564 in
419 2520 481 2584 quo
514 2498 616 2564 doctis
643 2498 785 2582 positum
812 2501 864 2562 est
891 2519 963 2562 cum
996 2497 1168 2564 consilium
1182 2522 1209 2564 ss

91 2661 100 2678 .
158 2589 264 2654 omnis
295 2587 381 2652 ritae
414 2587 617 2652 consentiens
654 2589 687 2651 et
717 2606 820 2670 paene
856 2586 1061 2671 conspirans,
1097 2589 1169 2652 tum

159 2697 284 2740 summa
301 2674 485 2740 iucunditas
505 2697 523 2739 c
542 2674 705 2742 cotidiano
723 2674 813 2738 cultu
832 2677 928 2757 atque
946 2675 1043 2738 victu.
1083 2673 1169 2750 Quid
1256 2711 1257 2715 =

157 2765 238 2829 haec
264 2764 397 2828 tandem
423 2763 492 2828 vita
518 2762 692 2844 desiderat,
718 2783 782 2846 quo
806 2762 850 2826 sit
871 2760 1019 2827 beatior?
1047 2762 1099 2828 cui
1120 2783 1170 2826 re·
1255 2775 1256 2823 l

44 2934 49 2943 1
157 2852 257 2917 sertae
275 2855 327 2916 tot
345 2851 507 2936 tantisque
517 2850 651 2934 gaudiis
669 2849 814 2914 Fortuna
833 2849 906 2933 ipsa
924 2848 1016 2914 cedat
1033 2870 1168 2915 neccsse
1254 2853 1255 2932 l

159 2944 217 3006 est.
263 2938 385 3016 Quodsi
407 2938 547 3024 gaudere
569 2938 690 3002 talibus
712 2937 808 3003 bonis
832 2937 945 3020 animi,
973 2936 1007 3000 id
1032 2941 1082 3002 est
1103 2937 1168 3002 vir·
1182 2964 1210 3004 ao
1252 2965 1254 3040 p

157 3029 296 3110 tutibus,
324 3027 456 3092 beatum
484 3030 534 3092 est
560 3047 733 3109 omnesque
764 3025 926 3109 sapientes
957 3024 1010 3088 his
1038 3024 1168 3109 gaudiis
1251 3049 1253 3122 p

105 3183 148 3248 26
157 3117 374 3217 perfruuntur,
394 3116 497 3218 omnis
513 3136 568 3179 eos
586 3116 699 3216 tectos
714 3133 782 3178 esse
797 3111 944 3177 confiteri
954 3133 1089 3212 ¹necesse
1109 3116 1170 3177 est.
1252 3127 1253 3147 ¹

110 3261 142 3312 ⁷³
223 3205 269 3358 t.
291 3204 500 3357 litt?
496 3225 540 3355 111⁰
541 3204 796 3374 tttttdtt
808 3200 1017 3354 tdtltt
1040 3287 1169 3354 aera

158 3380 211 3446 An
233 3381 389 3463 Epicur0,
416 3380 471 3462 qui
498 3382 626 3444 tantum
648 3378 744 3444 modo
769 3377 875 3444 induit
900 3397 1075 3461 pomonam
1097 3375 1168 3462 phi·
1183 3403 1210 3444 ss

153 3468 287 3552 'losophi
309 3471 342 3532 et
365 3468 428 3532 sibi
450 3468 520 3551 ipse
541 3467 604 3532 hoc
624 3487 741 3531 nomen
763 3466 942 3550 inscripsit,
965 3466 1070 3530 dicere
1093 3465 1169 3530 lice·

158 3555 221 3640 bit,
249 3555 500 3639 quodquidam,
527 3558 564 3620 ut
589 3555 690 3620 habet
712 3575 745 3620 se
772 3576 837 3635 res,
864 3575 916 3620 mc
943 3557 1054 3621 tamen
1076 3555 1168 3639 plau-

1238 3705 1247 3905 l
