2564 3950
385 212 452 268 ΗΒ.
470 214 504 268 Π.
532 197 608 269 car.
629 219 715 270 u-r.
743 219 758 279 ς
778 220 898 270 12-17.
1080 217 1146 286 333

136 377 236 441 variis
256 376 436 458 disciplinis
454 375 724 460 philosophorum
741 376 865 459 loquar.
895 376 1039 453 Quorum
1057 378 1145 462 prin-

6 537 7 542 ,
137 487 215 548 ceps
229 469 263 528 et
277 464 469 530 auctoritate
483 469 517 527 et
529 464 733 548 antiquitate,
751 461 933 529 Socraticus
951 465 1146 551 Aristippus,

6 549 7 556 '
136 575 206 620 non
222 552 386 617 dubitavit
403 573 563 616 summum
577 552 699 617 malum
717 552 860 634 dolorem
875 553 988 618 dicere.
1022 553 1146 620 Deinde
1275 575 1276 578 ’

137 642 179 706 ad
210 641 295 712 hanc
327 644 512 705 enervatam
544 640 796 725 muliebremque
836 642 1030 706 sententiam
1067 645 1146 707 satis

6 770 9 776 1
109 729 274 794 edocilem
306 750 340 794 se
365 727 524 811 Epicurus
558 728 716 812 praebuit
769 727 865 793 Hunc
896 732 971 812 post
1000 728 1146 795 Rhodius

137 817 358 900 Hieronymus
399 816 509 881 dolore
545 838 658 882 vacare
695 838 856 881 summum
891 818 1011 882 bonum
1052 819 1146 904 dixit3

136 909 266 970 tantum
296 905 330 969 in
360 904 469 969 dolore
500 905 591 968 duxit
619 903 706 970 mali.
759 902 866 969 Oeteri
893 909 1019 988 praeter
1046 905 1147 973 Zeno·

136 1016 225 1076 nem,
253 993 455 1075 Aristonem,
482 991 682 1076 Pyrrhonem
710 993 795 1060 idem
821 993 902 1075 fere,
934 993 1020 1078 quod
1051 995 1146 1061 modo

137 1087 188 1164 tu,
216 1081 338 1145 malum
365 1080 446 1144 illud
474 1079 615 1164 quidem,
644 1079 699 1144 sed
727 1080 791 1144 alia
817 1081 937 1164 peiora.
981 1080 1086 1166 Ergo,
1113 1084 1146 1148 id
1167 1102 1199 1150 16

94 1196 123 1236 ιο
138 1169 225 1254 quod
246 1173 365 1234 natura
390 1169 464 1252 ipsa
487 1173 520 1232 ct
549 1167 706 1252 quaedam
730 1189 887 1254 generosa
909 1170 1011 1234 virtus
1035 1172 1147 1236 statim

137 1259 275 1342 respuit,
303 1278 343 1321 ne
367 1255 491 1321 scilicet
517 1256 662 1320 dolorem
690 1279 849 1321 summum
877 1258 999 1322 malum
1027 1258 1146 1324 diceres

138 1346 351 1430 oppositoque
393 1345 546 1409 dedecore
588 1346 749 1410 sententia
774 1345 997 1429 depellerere,
1037 1347 1073 1411 in
1109 1369 1147 1413 eo

136 1434 297 1519 magistra
332 1434 419 1498 vitae
459 1432 668 1517 philosophis
710 1437 761 1498 tot
801 1434 931 1498 saecula
970 1439 1147 1517 permanet.

139 1522 231 1598 Quod
253 1521 329 1586 huic
352 1521 509 1604 officium,
532 1543 613 1605 quae
636 1521 721 1604 laus,
745 1521 830 1605 quod
853 1521 949 1586 decus
971 1523 1032 1586 erit
1054 1525 1146 1606 tanti,

6 1681 7 1684 Ἴ
97 1635 123 1676 15
138 1610 224 1694 quod
247 1609 383 1694 adipisci
407 1608 612 1674 cumdolore
636 1609 779 1692 corporis
802 1609 894 1691 velit,
924 1610 979 1693 qui
1002 1610 1147 1676 dolorem

138 1719 299 1762 summum
327 1698 450 1763 malum
477 1697 541 1762 sibi
568 1718 639 1761 esse
670 1696 890 1781 persuaserit?
921 1719 1017 1782 quam
1049 1721 1147 1783 porro

139 1787 210 1872 quis
237 1785 462 1871 ignominiam,
490 1806 587 1868 quam
613 1785 844 1868 turpitudinem
871 1807 936 1850 non
968 1787 1148 1869 pertulerit,

6 1887 8 1940 ζ
138 1880 176 1962 ut
198 1875 333 1959 effugiat
349 1873 506 1955 dolorem,
529 1874 557 1936 si
575 1872 608 1937 id
628 1895 788 1938 summum
807 1874 927 1938 malum
947 1895 1017 1938 esse
1042 1874 1147 1940 decre·

139 1962 243 2027 verit?
276 1963 347 2044 quis
379 1965 488 2026 autem
519 1983 586 2025 non
612 1961 711 2026 miser
738 1982 806 2026 non
833 1963 928 2026 modo
955 1967 1045 2040 tunc,
1075 1985 1148 2027 cum

6 2047 8 2102 i
97 2077 125 2116 so
138 2054 302 2135 premetur
334 2049 468 2114 summis
500 2048 678 2134 doloribus,
711 2050 739 2114 si
766 2049 801 2113 in
829 2049 880 2114 his
908 2054 959 2114 est
988 2072 1149 2116 summum

6 2179 7 2188 2
139 2139 275 2222 malum,
302 2137 357 2202 sed
385 2137 485 2201 etiam
512 2159 585 2202 cum
613 2137 693 2202 sciet
719 2137 752 2202 id
783 2137 847 2202 sibi
874 2159 970 2221 posse
999 2139 1148 2203 evenire?

140 2231 174 2290 et
197 2227 268 2311 quis
293 2229 355 2308 est,
378 2226 430 2290 cui
448 2247 514 2290 non
532 2225 658 2308 possit?
698 2224 751 2290 lta
773 2225 823 2307 fit,
846 2229 884 2290 ut
902 2227 1035 2291 omnino
1052 2248 1148 2292 nemo

140 2336 209 2379 csse
232 2314 337 2397 possit
359 2314 482 2378 beatus.
527 2312 730 2378 Metrodorus
754 2312 884 2396 quidem
909 2314 1051 2396 perfecte
1075 2336 1148 2380 eum
1168 2333 1201 2380 17

138 2403 270 2467 beatum
294 2405 401 2486 putat,
424 2402 476 2466 cui
499 2423 614 2485 corpus
636 2402 718 2465 bene
741 2401 953 2466 constitutum
976 2402 1019 2465 sit
1041 2405 1075 2466 et
1098 2425 1148 2466 ex·

99 2517 125 2557 as
140 2492 304 2574 ploratum
331 2489 379 2553 ita
406 2510 533 2573 semper
558 2489 637 2554 fore.
687 2487 767 2564 Quis
791 2494 900 2554 autem
924 2492 974 2553 est
995 2490 1070 2572 iste,
1098 2491 1149 2554 oui

139 2578 172 2643 id
196 2579 398 2662 exploratum
421 2577 526 2661 possit
549 2575 640 2642 csse?
756 2581 758 2586 '

205 2665 365 2750 Epicurus
401 2687 477 2729 vero
515 2686 553 2729 ea
588 2665 680 2748 dicit,
716 2667 753 2728 ut
785 2663 866 2728 mihi
902 2664 1031 2747 quidem
1064 2665 1187 2730 risus?

140 2758 272 2838 captare
302 2753 457 2818 videatur.
515 2751 677 2816 Adfirmat
708 2752 793 2816 enim
828 2752 967 2836 quodam
999 2751 1084 2836 loco,
1121 2755 1149 2818 si

140 2846 252 2907 uratur
272 2841 411 2925 sapiens,
433 2841 461 2906 si
481 2841 640 2905 crucietur
660 2877 698 2886 -
723 2845 889 2923 exspectas
907 2840 1055 2922 fortasse,
1074 2839 1149 2906 dum

100 2957 127 2996 ao
141 2931 240 2995 dicat:
278 2929 447 3012 patietur,
483 2928 634 3012 perferet,
670 2950 737 2992 non
774 2927 990 3011 succumbet'3
1029 2949 1149 3013 magna

141 3018 322 3082 mehercule
345 3019 416 3082 laus
439 3019 472 3080 et
494 3037 532 3080 eo
555 3017 645 3100 ipso,
667 3037 842 3100 perquem
864 3017 981 3099 iurari,
1003 3015 1148 3096 Hercule,

141 3107 257 3191 digna!
281 3104 338 3186 sed
359 3103 516 3188 Epicuro,
542 3103 668 3168 homini
692 3125 805 3188 aspero
836 3109 870 3169 et
893 3103 987 3187 duro,
1010 3125 1075 3167 non
1098 3107 1148 3166 est

139 3194 202 3260 hoc
231 3193 333 3278 satisp
352 3193 386 3257 in
414 3191 597 3256 Phalaridis
624 3197 718 3257 tauro
742 3192 770 3256 si
794 3193 869 3275 erit,
897 3191 994 3256 dicet:
1026 3190 1147 3266 ‘Quam

6 3331 10 3348 ,
140 3304 237 3348 suave
265 3284 328 3364 est,
354 3302 450 3364 quam
476 3280 540 3344 hoc
564 3302 630 3345 non
657 3278 762 3346 curol'
811 3277 917 3344 Suave
953 3277 1074 3342 etiam?
1107 3300 1148 3342 an

98 3397 125 3438 aa
140 3392 255 3455 parum
287 3373 352 3451 est,
389 3369 417 3432 sl
453 3389 519 3432 non
555 3368 725 3432 amarum?
784 3368 830 3434 At
864 3367 898 3431 id
935 3364 1064 3449 quidem
1089 3365 1149 3430 'illi

139 3458 217 3543 ipsi,
253 3457 308 3542 qui
339 3456 482 3520 dolorem
513 3457 634 3520 malum
672 3477 740 3520 esse
774 3458 908 3542 negant,
939 3475 1006 3518 non
1042 3453 1149 3518 solent

139 3547 257 3628 dicere,
280 3545 429 3628 cuiquam
447 3565 545 3608 suave
564 3565 635 3608 esse
654 3543 801 3628 cruciari3
826 3564 990 3627 asperum,
1009 3540 1148 3625 difficile,
