2502 3960
151 219 192 288 78
406 216 699 274 ncauamooauu
717 216 885 273 raroauu

149 382 214 447 alio
245 381 350 466 magis
382 381 529 446 minusve
562 379 803 464 comprehendi,
834 383 986 463 quoniam
1016 380 1175 446 omnium

94 473 417 624 ffrerffidunaugp
440 467 955 632 lttltlmttlffiltlh.
991 556 1026 620 a
1063 556 1173 621 reses

97 631 147 681 ¹²⁹
171 646 266 710 bonis
289 581 440 710 etqmalis
465 579 646 726 exblorati?
691 642 816 728 Nempe
839 645 920 709 fines
943 644 1172 709 constituendi

150 736 239 817 aunt,
271 733 311 799 ad
339 755 420 818 quos
444 736 477 797 et
508 733 668 798 bonorum
690 733 909 798 etmalorum
932 753 1058 797 summa
1081 733 1206 800 refe-5

149 826 248 888 ratur.
304 821 375 898 Qua
405 820 444 886 dc
476 841 511 885 re
526 825 531 835 '
545 823 595 885 est
633 820 735 904 igitur
772 820 857 885 inter
894 817 1036 885 summos
1073 821 1171 886 viros

151 911 254 976 maior
277 907 456 975 dissensio?
489 906 612 974 Omitto
635 909 701 990 illa,
724 929 805 993 quas
827 909 942 974 relicta
963 908 1029 974 iam
1053 908 1172 975 viden-

150 1005 217 1078 tur,
247 998 403 1082 Erillum,
434 997 490 1082 qui
516 997 552 1060 in
575 997 760 1080 cognitione
784 1000 817 1061 et
843 996 979 1062 scientia
1001 1019 1172 1062 summum

150 1089 272 1152 bonum
298 1086 405 1170 ponit3
438 1085 589 1168 quicum
612 1085 752 1150 Zenonis
781 1084 909 1150 auditor
931 1089 1030 1168 esset,
1062 1085 1171 1170 videa,

151 1180 306 1258 quantum
334 1175 376 1239 ab
404 1194 443 1238 eo
476 1172 664 1238 dissenserit
691 1176 724 1237 et
756 1195 852 1256 quam
883 1194 949 1238 non
976 1173 1115 1238 multum
1146 1197 1170 1238 a
1187 1201 1219 1240 ro

150 1263 295 1328 Platone.
340 1261 577 1346 Megaricorum
604 1260 667 1326 fuit
696 1260 816 1326 nobilis
844 1260 1030 1346 disciplina,
1061 1262 1170 1344 cuius,

151 1355 189 1416 ut
212 1351 369 1433 scripturn
392 1350 500 1433 video,
522 1348 671 1433 princeps
694 1347 923 1433 Xenophanes,
946 1371 1042 1434 quem
1064 1351 1170 1416 modo

151 1438 325 1522 nominavi,
348 1437 463 1503 deinde
486 1459 559 1503 eum
583 1437 686 1502 secuti
704 1437 912 1502 Parmenides
936 1441 969 1501 et
987 1436 1082 1521 Zeno,
1102 1438 1169 1502 ita-

152 1549 213 1612 que
245 1526 286 1592 ab
319 1526 361 1592 iis
387 1525 526 1592 Eleatici
557 1523 745 1609 philosophi
776 1525 1038 1590 nominabantur.
1083 1525 1172 1591 Post·

151 1614 316 1697 Euclides,
340 1614 482 1681 Socratis
506 1613 698 1697 discipulus,
726 1611 910 1698 Megareus,
933 1636 953 1679 a
976 1635 1039 1698 quo
1062 1614 1167 1680 iidem
1184 1639 1216 1680 1⁵

152 1703 203 1768 illi
220 1701 377 1788 Megarici
399 1702 487 1786 dicti,
509 1701 564 1786 qui
586 1701 620 1765 id
643 1701 765 1766 bonum
784 1701 890 1766 solum
909 1723 978 1766 esse
1001 1702 1168 1786 dicebant,

152 1791 238 1877 quod
261 1795 346 1856 essct
368 1811 466 1856 unum
489 1793 523 1855 et
545 1789 650 1855 simile
674 1792 707 1854 et
728 1788 813 1854 idem
837 1811 969 1873 semper.
1015 1789 1061 1854 Hi
1082 1811 1166 1874 quo-

153 1902 214 1965 que
236 1880 340 1945 multa
363 1901 383 1943 a
405 1878 549 1943 Platone.
594 1877 625 1940 A
646 1877 836 1942 Menedemo
865 1883 989 1961 autern,
1020 1885 1106 1962 quod
1134 1879 1166 1943 is

151 1968 281 2032 Eretria
302 1962 375 2048 fuit,
397 1965 557 2032 Eretriaci
580 1965 744 2049 appellati,
766 1987 902 2050 quorum
922 1988 1016 2032 omne
1040 1967 1166 2032 honum

152 2056 187 2120 in
215 2058 324 2120 mente
351 2055 496 2136 positum
519 2056 552 2117 et
579 2053 698 2118 mentis
721 2053 802 2137 acie,
835 2075 898 2138 qua
920 2076 1030 2120 verum
1053 2076 1165 2119 cerne·
1181 2082 1210 2122 ao

152 2147 255 2226 retur,
277 2141 374 2208 Erilli
397 2141 527 2224 similia,
550 2140 615 2222 sed,
645 2141 769 2225 opinor,
792 2143 952 2225 explicata
974 2142 1105 2208 uberius
1131 2148 1168 2208 et

102 2251 152 2303 130
176 2231 332 2296 ornatius.
389 2229 459 2295 Hos
496 2229 525 2294 si
563 2230 798 2296 contemnimus
843 2233 876 2296 et
915 2231 981 2294 iam
1017 2231 1166 2295 abiectos

153 2323 318 2404 putamus,
349 2318 425 2383 illos
448 2322 534 2384 certe
562 2318 672 2382 minus
699 2318 862 2402 despicere
889 2318 1056 2402 debemus,
1087 2319 1165 2383 Ari-

154 2413 292 2491 stonem,
315 2407 371 2492 qui
395 2427 467 2472 cum
490 2405 629 2472 Zenonis
652 2406 768 2472 fuisset
789 2407 930 2490 auditor,
952 2428 987 2472 re
1010 2407 1167 2490 probavit

154 2519 205 2580 ea,
238 2496 397 2582 quasilla
420 2495 539 2578 verbis,
571 2494 655 2559 nihil
679 2516 748 2560 esse
774 2495 895 2559 bonum
918 2495 983 2560 nisi
1005 2495 1164 2560 virtutem
1180 2522 1208 2564 aa

152 2607 211 2651 neo
242 2584 376 2667 malum,
406 2583 470 2648 nisi
503 2583 587 2668 quod
614 2583 729 2647 virtuti
761 2588 847 2648 essct
879 2583 1090 2668 contrarium3
1127 2585 1166 2648 in

153 2673 267 2739 mediis
292 2695 330 2738 ea
352 2673 524 2755 momenta,
547 2693 627 2755 quae
651 2669 736 2736 Zeno
759 2671 871 2755 voluit,
893 2671 983 2737 nulla
997 2675 1071 2736 'esse
1089 2693 1164 2736 oen-

155 2762 228 2828 suit.
261 2759 346 2824 Huic
370 2780 531 2825 summum
553 2760 674 2824 bonum
693 2763 743 2824 eat
765 2759 800 2824 in
821 2759 874 2824 his
896 2760 992 2826 rebus
1010 2763 1164 2824 neutram

152 2851 188 2915 in
216 2853 343 2933 partem
372 2848 507 2931 moveri,
539 2868 620 2932 quae
642 2842 826 2931 ἀδιαφορία
855 2849 896 2912 ab
929 2848 1002 2930 ipso
1034 2847 1163 2914 diuitum.

152 2937 278 3022 Pyrrho
303 2940 409 3002 autem
433 2958 471 3000 ea
493 2957 534 3002 ne
558 2936 677 3000 sentire
701 2936 830 3019 quidem
854 2936 1047 3020 sapientem,
1078 2959 1162 3021 quae
1178 2963 1204 3005 eo

153 3020 300 3090 ἀπάθεια
313 3025 509 3091 nominatur.
544 3024 613 3089 Has
632 3024 734 3108 igitur
756 3027 808 3089 tot
826 3024 1001 3088 sententias
1015 3029 1053 3088 ut
1067 3026 1164 3090 omit

153 3118 270 3197 tamus,
291 3113 372 3178 haec
394 3135 481 3178 nunc
503 3113 677 3197 videamus,
700 3134 782 3196 quae
803 3112 859 3199 diu
881 3113 1085 3196 multumque
1109 3113 1164 3179 de-

104 3203 271 3273 131fensa
303 3205 385 3268 sunt.
432 3201 501 3266 Alii
532 3203 733 3286 voluptatem
763 3201 862 3265 finem
886 3221 954 3266 esse
983 3201 1166 3286 voluerunt,

155 3313 290 3376 quorum
321 3291 470 3374 princeps
497 3289 698 3372 Aristippus,
730 3289 785 3373 qui
813 3286 979 3354 Socratem
1006 3289 1165 3373 audierat,

154 3380 238 3444 unde
271 3377 455 3463 Cyrenaici,
487 3382 562 3462 post
592 3377 766 3461 Epicurus,
798 3377 886 3442 cuius
914 3382 964 3442 est
991 3376 1164 3461 disciplina
1178 3402 1204 3444 es

154 3489 241 3533 nuno
268 3468 378 3533 notior
401 3488 460 3532 nec
492 3470 695 3532 tamencum
719 3463 906 3550 Cyrenaicis
936 3466 975 3530 da
1007 3465 1081 3549 ipsa
1110 3489 1165 3532 vo·
1243 3513 1244 3518 η

154 3556 281 3639 luptate
296 3555 509 3620 consentiens.
541 3552 753 3637 Voluptatem
772 3557 881 3618 autem
904 3557 936 3618 et
957 3552 1165 3621 honestatem
