2544 3952
151 249 217 314 446
349 249 647 306 TUSCULANARUM
664 251 965 308 DISPUTATIONUM

152 435 225 478 eum
244 414 364 498 ipsum,
383 436 454 478 oum
472 414 575 479 forem
594 414 732 479 cubiculi
750 415 918 498 clauserat,
938 415 1162 499 detorquebat.
1266 413 1267 427 ¹

151 501 303 586 Idemque
326 523 398 566 cum
420 503 455 566 in
474 503 696 567 communibus
716 505 877 588 suggestis
901 503 1076 568 consistere
1094 526 1162 569 non
1266 569 1267 574 ,

100 608 134 656 60
154 590 297 672 auderet,
325 590 505 655 contionari
533 612 571 654 ex
601 591 685 666 turri
717 591 785 655 alta
811 591 946 656 solebat.
994 591 1104 675 Atque
1132 593 1161 656 is
1266 661 1267 664 ,

152 699 225 743 cum
257 679 325 761 pila
351 678 459 746 ludere
486 679 584 742 vellet
610 677 766 762 (studiose
794 681 880 743 enini
911 679 944 743 id
971 678 1161 762 factitabat)

151 767 356 850 tunicamque
375 770 521 850 poneret,
541 767 793 848 adulescentulo,
813 789 908 852 quem
929 768 1070 849 amabat,
1093 772 1191 834 tra-5
1266 799 1267 854 χ

152 854 270 919 didisse
297 854 440 939 gladium
468 855 594 919 dicitur.
644 854 706 920 Hic
734 877 806 919 cum
833 855 965 940 quidam
988 856 1161 921 familiaris
1266 861 1267 864 ’

151 945 261 1007 iocans
289 943 434 1007 dixisset:
467 942 581 1006 ‘Huic
609 942 758 1026 quidem
787 947 890 1008 certe
913 944 1032 1008 vitam
1055 947 1161 1008 tuam

152 1029 393 1114 committis’,
412 1031 641 1114 adrisissetque
659 1031 855 1115 adulescens,
873 1035 1044 1116 utrumque
1064 1033 1162 1097 iussit
1266 1061 1267 1100 l

150 1119 300 1203 interfici,
329 1119 477 1202 alterum,
509 1121 585 1203 quia
612 1120 697 1184 viam
729 1119 1016 1185 demonstravisset
1046 1120 1161 1185 interi·

151 1207 259 1272 mendi
278 1207 341 1291 sui,
360 1207 511 1291 alterum,
532 1207 608 1291 quia
627 1207 748 1272 dictum
767 1208 800 1272 id
818 1208 885 1272 risu
905 1208 1160 1292 adprobavisset.
1177 1236 1205 1274 ro

150 1295 258 1379 Atque
281 1315 318 1360 eo
346 1293 432 1358 facto
456 1295 502 1360 sic
525 1294 640 1376 doluit,
667 1295 750 1360 nihil
772 1300 809 1360 ut
836 1297 949 1361 tulerit
971 1296 1103 1380 gravius
1125 1296 1161 1360 in
1255 1307 1267 1382 q

151 1384 230 1468 vita3
257 1405 352 1468 quem
381 1383 466 1448 enim
493 1382 696 1448 vehementer
724 1388 862 1468 amarat,
888 1385 1056 1450 occiderat.
1108 1382 1161 1449 Sic
1253 1391 1267 1470 ¹}

152 1471 374 1537 distrahuntur
396 1472 431 1535 in
454 1471 631 1536 contrarias
656 1473 759 1555 partis
786 1473 1013 1557 impotentium
1036 1472 1160 1555 cupidi-

151 1565 244 1641 tates.
288 1557 368 1626 Cum
390 1559 465 1624 huic
488 1560 659 1624 obsecutus
683 1561 741 1643 sis,
764 1561 811 1624 illi
835 1564 885 1625 est
906 1560 1162 1645 repugnandum.
1266 1609 1267 1614 η

98 1632 138 1758 {¹1
218 1648 418 1732 Quamquam
449 1647 501 1712 hic
533 1647 661 1731 quidem
693 1651 729 1733 ty
750 1671 851 1713 annus
887 1649 958 1732 ipse
994 1649 1159 1733 iudicavit,
1175 1675 1202 1714 15
1256 1715 1267 1750 ,

151 1759 247 1821 quam
278 1739 362 1801 esset
389 1735 513 1800 beatus
565 1733 650 1800 Nam
680 1671 751 1800 culi
776 1737 912 1822 quidam
940 1757 978 1802 ex
1006 1737 1072 1800 eius
1105 1737 1159 1801 ad·
1266 1763 1267 1822 q

85 1905 89 1912 .
152 1824 382 1906 sentatoribus,
418 1822 602 1908 Damocles,
639 1829 903 1890 commemoraret
940 1825 974 1889 in
1010 1847 1160 1912 sermone
1266 1823 1267 1906 l

151 1914 259 1996 copias
278 1913 359 1996 eius,
382 1933 461 1996 opes
466 1960 475 1995 ,
494 1911 697 1976 maiestatem
716 1913 913 1997 dominatus,
930 1909 1037 1977 rerum
1056 1913 1159 1976 abun·

151 2001 306 2083 dantiam,
330 1999 604 2084 magnificentiam
627 2000 754 2064 aedium
776 2001 936 2086 regiarum
961 2003 1159 2086 negaretque
1266 2009 1267 2030 ³

150 2110 303 2172 umquam
334 2088 513 2153 beatiorem
545 2085 736 2172 quemquam
768 2089 881 2172 fuisse,
914 2089 1051 2154 ‘Visne
1083 2089 1157 2173 igi·
1172 2116 1201 2156 ao
1266 2125 1267 2176 3

150 2176 241 2259 tur',
268 2176 385 2259 inquit,
413 2174 448 2240 ‘o
477 2173 672 2260 Damocle,
700 2177 880 2259 quoniam
902 2180 938 2242 te
960 2175 1054 2242 haec
1076 2178 1159 2242 vita
1258 2201 1267 2224 ⁴

150 2265 331 2348 delectat,
358 2265 441 2347 ipse
469 2285 548 2328 eam
576 2264 784 2347 degustare
812 2269 850 2329 et
876 2265 1071 2330 fortunam
1094 2287 1157 2330 ex-

149 2352 271 2437 periri
302 2351 459 2416 meamP'
511 2351 593 2417 Cum
621 2373 654 2433 se
681 2352 738 2415 ille
766 2374 878 2436 cupere
906 2353 1053 2438 dixisset,
1082 2375 1158 2419 con·

149 2441 249 2506 locari
276 2441 373 2505 iussit
398 2439 563 2505 hominem
591 2441 626 2504 in
649 2462 745 2505 aureo
773 2441 857 2506 lecto
885 2445 986 2506 strato
1009 2441 1158 2526 pulcher-

149 2530 231 2594 rimo
252 2530 358 2594 textili
373 2530 527 2614 stragulo,
545 2529 726 2613 magnificis
741 2529 891 2612 operibus
909 2531 1006 2614 picto,
1025 2529 1158 2595 abacos·
1173 2557 1200 2598 as
1266 2555 1267 2558 ¹

149 2639 209 2702 que
232 2616 405 2700 compluris
429 2618 558 2681 ornavit
580 2621 714 2702 argento
738 2639 878 2701 auroque
901 2619 1033 2684 caelato.
1073 2618 1157 2683 Tum

149 2705 189 2770 ad
212 2727 356 2770 mensam
380 2706 497 2769 eximia
523 2704 629 2768 forma
655 2726 772 2789 pueros
801 2706 940 2770 delectos
962 2706 1059 2771 iussit
1082 2728 1158 2771 con·
1266 2739 1267 2742 ¹

150 2794 263 2858 sistere
291 2814 407 2877 eosque
429 2797 545 2858 nutum
571 2793 658 2858 illius
682 2794 838 2858 intuentis
867 2793 1038 2878 diligenter
1060 2794 1158 2858 mini-

98 2899 129 2948 ca
150 2886 260 2946 strare.
292 2881 437 2946 Aderant
454 2885 628 2966 unguenta,
646 2903 792 2965 coronae,
810 2882 1064 2946 incendebantur
1082 2882 1159 2946 odo-

148 2992 213 3054 res,
231 2990 362 3034 mensae
381 2970 660 3054 conquisitissimis
682 2970 784 3053 epulis
804 2970 1043 3035 extruebantur.
1079 2969 1157 3034 For·
1173 2998 1199 3038 eo
1266 3045 1267 3050 η

148 3061 281 3122 tunatus
324 3058 387 3122 sibi
427 3056 598 3123 Damocles
634 3058 811 3122 videbatur.
877 3058 932 3122 In-
953 3057 1015 3123 hoc
1051 3058 1157 3123 medio
1265 3103 1267 3150 j

149 3149 306 3230 apparatu
332 3147 510 3232 fulgentem
539 3145 681 3231 gladium
709 3167 726 3209 e
754 3147 897 3211 lacunari
925 3150 1014 3212 saeta
1041 3147 1158 3230 equina
1266 3215 1267 3222 χ

149 3239 260 3318 aptum
301 3234 427 3298 demitti
467 3236 580 3319 iussit,
618 3237 655 3300 ut
697 3234 897 3318 impenderet
938 3235 1027 3300 illius
1069 3234 1158 3299 beati

148 3322 334 3388 cervicibus.
392 3321 505 3408 Itaque
536 3345 596 3390 nec
627 3322 780 3406 pulchros
812 3323 885 3388 illos
917 3323 1156 3388 ministratores

149 3411 327 3494 aspiciebat
357 3433 415 3476 nec
446 3412 575 3494 plenum
614 3412 693 3476 artis
727 3417 897 3495 argentum
928 3433 988 3476 nec
1024 3433 1156 3475 manum
1171 3436 1196 3476 ss
1266 3479 1267 3488 ,

147 3500 336 3584 porrigebat
357 3499 573 3583 inmensam,
598 3500 662 3564 iarn
685 3501 775 3582 ipsae
798 3500 981 3565 defluebant
1004 3521 1155 3584 coronae3
1266 3493 1267 3574 l

149 3587 284 3670 denique
303 3588 447 3652 exoravit
464 3592 652 3671 tyrannum,
675 3591 713 3652 ut
731 3587 820 3652 abire
840 3588 964 3673 liceret,
988 3588 1155 3673 quodiam
1263 3660 1267 3680 ⁴
