2544 3952
163 221 228 284 422
357 220 654 276 TUSCULANARUM
672 220 975 276 DISPUTATIONUM

163 383 296 447 dicimus
329 384 431 448 exisse
463 383 502 447 de
533 385 710 467 potestate,
741 384 773 446 id
805 385 855 448 est
886 383 926 447 de
954 383 1104 466 consilio,
1136 385 1179 449 de

164 471 301 555 ratione,
334 471 372 535 de
405 475 524 555 mente3
558 472 674 536 horum
706 471 792 535 enim
824 475 971 555 potestas
1004 473 1038 536 in
1067 476 1179 538 totum

111 561 305 624 inanimum
329 582 398 624 esse
422 560 525 624 debet.
571 559 632 624 His
657 565 714 624 aut
737 559 948 624 subtrahendi
971 564 1047 625 sunt
1070 562 1114 643 ei,
1142 563 1179 626 in

163 671 243 733 quos
267 649 423 731 impetum
442 652 599 713 conantur
617 648 737 731 facere,
760 648 837 712 dum
856 670 890 712 se
913 649 977 731 ipsi
996 649 1177 734 conligant,

164 737 254 823 (quid
286 740 336 801 est
368 740 477 820 autem
505 758 538 800 se
569 737 677 819 ipsum
710 737 862 820 colligere
893 737 957 801 nisi
989 737 1207 821 dissupatass

163 826 263 889 animi
286 825 388 908 partis
411 847 539 889 rursum
561 825 596 888 in
620 847 713 888 suum
736 824 844 890 locum
868 823 1020 910 cogeret)
1044 830 1101 890 aut
1123 848 1176 890 ro-

162 914 262 998 gandi
285 913 459 997 orandique
483 916 570 990 sunt,
598 917 648 995 ut,
676 913 703 977 si
732 935 829 996 quam
851 913 974 977 habent
996 915 1176 978 ulciscendi

162 1003 242 1083 vim,
270 1000 420 1065 differant
446 1001 480 1066 in
506 1005 633 1085 tempus
662 1001 761 1080 aliud,
790 1000 867 1065 dum
895 1000 1093 1066 defervescat
1115 1004 1176 1067 ira.

162 1089 388 1154 Defervescere
426 1093 535 1154 cutem
573 1093 658 1154 certe
690 1090 854 1173 significat
890 1090 1037 1155 ardorem
1073 1091 1176 1154 animi

162 1179 265 1242 inuita
300 1178 424 1242 ratione
461 1177 646 1242 excitatum.
712 1178 763 1242 Ex
800 1199 862 1263 quo
900 1178 982 1242 illud
1021 1179 1176 1244 laudatur
1192 1207 1222 1244 ιο

161 1265 339 1349 Archytae,
366 1267 422 1349 qui
450 1288 522 1330 cum
549 1265 646 1331 vilico
671 1266 775 1330 factus
807 1270 892 1330 esset
920 1267 1049 1352 iratior,
1077 1267 1175 1343 ‘Quo

162 1358 198 1418 te
241 1352 380 1438 modo',
420 1354 545 1438 inquit,
586 1354 881 1439 ‘accepissem
926 1355 1003 1420 nisi
1049 1356 1175 1421 iratus

163 1441 315 1508 esseml'

110 1503 151 1627 ἓξ
228 1530 294 1595 Ubi
322 1532 397 1595 sunt
420 1551 496 1616 ergo
520 1531 590 1620 isti,
618 1531 672 1614 qui
703 1531 900 1595 iracundiam
924 1531 1038 1595 utilem
1062 1531 1177 1595 dicunt

162 1615 284 1704 (potest
302 1619 389 1682 utilis
412 1641 482 1683 esse
505 1617 668 1702 insaniaf)
692 1622 748 1682 aut
770 1619 971 1684 naturalem?
1008 1619 1061 1683 An
1084 1621 1218 1704 quic-15

162 1729 258 1790 quam
282 1710 332 1771 est
351 1707 524 1771 secundum
547 1711 713 1789 naturam,
736 1707 823 1790 quod
845 1708 883 1771 fit
900 1711 1101 1792 repugnante
1121 1730 1176 1772 ra-

161 1795 271 1859 tione?
298 1817 362 1879 quo
390 1795 485 1859 modo
515 1798 635 1877 autem,
664 1796 703 1859 si·
720 1796 878 1860 naturalis
907 1799 992 1860 esset
1018 1796 1081 1879 ira,
1116 1800 1175 1861 aut

162 1883 245 1948 alius
277 1884 340 1947 alio
368 1884 472 1967 magis
499 1883 671 1947 iracundus
699 1887 797 1964 esset,
825 1887 881 1947 aut
909 1885 1007 1948 finem
1038 1883 1176 1950 haberet
1263 1927 1264 1959 i

161 1972 264 2056 prius,
292 1993 389 2055 quam
418 1974 503 2036 esset
529 1972 610 2055 ulta,
638 1971 812 2036 ulciscendi
835 1972 950 2056 libido,
983 1979 1039 2037 aut
1061 1995 1175 2057 quem-

162 2082 259 2145 quam
281 2060 474 2142 paeniteret,
501 2060 586 2142 quod
609 2059 739 2124 fecisset
761 2081 818 2144 per
840 2060 945 2124 iram?
971 2064 1009 2125 ut
1031 2059 1172 2125 Alexan·
1189 2091 1217 2129 ao

161 2149 254 2213 drum
281 2167 391 2231 regem
418 2146 577 2231 videmus,
609 2148 664 2231 qui
697 2169 769 2211 cum
801 2148 1020 2213 interemisset
1050 2147 1173 2214 Clitum

160 2235 353 2300 familiarem
377 2257 484 2313 suum,
507 2235 561 2298 vix
579 2258 599 2298 a
617 2257 650 2299 se
674 2257 787 2300 manus
812 2237 983 2320 abstinuit3
1008 2240 1101 2302 tanta
1120 2239 1172 2302 vis

160 2324 223 2388 fuit
245 2323 439 2407 paenitendi.
482 2321 604 2398 Quibus
629 2325 767 2408 cognitis
791 2325 862 2409 quis
886 2326 1012 2410 estqui
1035 2326 1173 2410 dubitet,

161 2413 239 2497 quin
265 2411 318 2476 hio
345 2434 472 2497 quoque
494 2415 602 2476 motus
626 2413 727 2477 animi
751 2413 794 2477 sit
824 2414 913 2477 totus
937 2413 1110 2497 opinabilis
1135 2437 1174 2478 ac

161 2500 385 2566 voluntarius?
426 2499 505 2575 Quis
529 2500 807 2584 enim'dubitarit,
830 2501 908 2585 quin
932 2501 1171 2587 aegrotationes
1187 2531 1214 2570 25

162 2589 274 2672 animi,
304 2589 409 2672 qualis
439 2591 489 2652 est
519 2589 669 2667 avaritia,
700 2589 823 2673 gloriae
853 2589 1026 2672 cupiditas,
1054 2611 1093 2654 ex
1123 2613 1172 2671 eo,

161 2677 246 2761 quod
269 2677 378 2761 magni
401 2681 599 2741 aestumetur
622 2699 659 2741 ea
681 2698 746 2759 res,
769 2699 807 2741 ex
830 2700 893 2761 qua
912 2679 1037 2742 animus
1058 2698 1172 2762 aegro-

161 2768 224 2847 tat,
257 2764 424 2828 oriantur?
477 2764 571 2829 Unde
599 2765 743 2849 intellegi
771 2765 868 2830 de'bet
893 2766 1171 2850 perturbationem

109 2873 142 2922 80
163 2874 288 2938 quoque
316 2875 442 2917 omnem
470 2874 539 2917 esse
563 2853 598 2916 in
621 2854 782 2936 opinione.
833 2852 878 2916 Et
906 2854 934 2918 si
961 2853 1109 2932 fidentia,
1137 2857 1171 2920 id

162 2945 211 3006 est
243 2942 337 3004 firma
370 2941 470 3005 animi
506 2942 653 3025 confisio,
689 2941 824 3006 scientia
861 2942 1017 3026 quaedam
1055 2945 1104 3006 est
1138 2948 1210 3010 etec

161 3029 270 3112 opinio
294 3030 402 3112 gravis
425 3051 490 3094 non
515 3034 634 3094 temere
658 3030 883 3113 adsentientis,
912 3032 1015 3094 metus
1043 3052 1171 3115 quoque

161 3121 211 3182 est
238 3116 417 3182 diffidentia
447 3119 606 3201 expectati
638 3122 671 3183 et
702 3118 904 3202 inpendentis
936 3118 1028 3200 mali,
1061 3122 1108 3202 et,
1142 3120 1170 3184 si

78 3273 80 3275 ,
161 3227 235 3290 spes
272 3209 321 3270 est
360 3207 540 3288 expectatio
578 3206 670 3288 boni,
702 3206 781 3270 meli
813 3207 1069 3290 expectationem
1098 3203 1170 3271 esse

160 3316 290 3359 necesse
310 3296 359 3358 est
378 3299 508 3359 metum.
545 3293 591 3359 Ut
609 3295 711 3380 igitur
730 3298 849 3377 metus,
873 3296 919 3358 sic
937 3295 1079 3380 reliquae
1098 3318 1169 3380 per·

160 3382 365 3447 turbationes
389 3384 519 3447 suntin
542 3383 637 3447 malo.
685 3383 775 3468 Ergo
800 3387 834 3446 ut
857 3385 1044 3449 constantia
1067 3385 1167 3448 scien·
1182 3411 1208 3452 ³⁵

160 3470 237 3547 tiae,
266 3471 312 3534 sic
339 3471 539 3555 perturbatio
569 3471 684 3535 erroris
709 3473 769 3535 est.
822 3470 885 3546 Qui
913 3475 1021 3536 autem
1053 3475 1169 3537 natura

161 3556 308 3622 dicuntur
330 3559 474 3624 iracundi
497 3562 553 3624 aut
576 3559 798 3625 misericordes
822 3562 878 3623 aut
901 3559 1002 3624 invidi
1024 3564 1080 3624 aut
1102 3561 1168 3625 tale
