2544 3952
322 219 389 276 ΜΒ.
408 219 455 276 lv.
484 219 561 278 cAP.
581 226 703 294 ar-ap.
731 225 888 288 §se-os.
1044 221 1110 287 415

99 403 174 447 raro
192 381 321 466 proficit
339 403 441 466 neque
460 385 511 446 est
529 381 570 446 ad
586 383 701 468 volgus
720 381 910 448 adhibenda.
944 381 1109 459 Quaedam
1128 395 1158 445 61

100 473 210 535 autern
242 473 319 536 sunt
351 469 584 556 aegritudines,
615 483 696 555 quas
728 471 925 536 levareilla
951 472 1110 537 medicina

98 558 189 624 nullo
212 559 309 624 modo
332 558 451 642 possit,
473 562 524 641 ut,
548 558 575 624 si
598 559 669 642 quis
694 579 789 644 aegre
812 557 896 624 ferat
914 558 998 623 nihil
1018 559 1053 625 in
1075 581 1109 624 se

99 668 170 712 esse
188 645 328 728 virtutis,
350 646 433 710 nihil
453 646 560 728 animi,
582 646 666 711 nihil
688 647 795 731 officii,
816 647 901 712 nihil
918 647 1109 731 honestatis,

69 736 233 819 apropter
259 734 348 799 mala
375 734 402 797 is
431 733 559 818 quidem
586 737 738 820 angatur,
770 734 826 800 sed
858 735 923 800 alia
953 735 1115 819 quaedam,

99 823 144 886 sit
167 822 207 886 ad
230 843 303 886 eum
326 821 526 887 admovenda
547 823 685 907 curatio,
708 825 741 888 et
762 823 837 887 talis
861 822 1003 907 quidem,
1027 845 1108 908 quae

97 910 203 994 possit
226 931 296 975 esee
320 909 464 975 omnium
487 909 587 975 etiam
609 911 649 976 de
671 911 786 976 ueteris
805 911 902 976 rebus
926 910 1108 995 discrepanss

97 998 181 1063 tium
212 997 490 1082 philosophorum.
549 997 639 1062 Inter
678 999 783 1064 omnis
815 999 901 1064 enim
939 999 1108 1064 convenire

98 1089 229 1171 oportet
251 1085 484 1151 commotiones
508 1085 690 1152 animorum
714 1109 733 1152 a
754 1089 843 1152 recta
870 1086 997 1151 ratione
1021 1107 1108 1152 aver-

35 1198 83 1240 ,10
98 1195 152 1239 sas
176 1194 245 1238 esse
268 1173 417 1256 vitiosas,
440 1177 490 1257 ut,
513 1173 641 1238 etiamsi
663 1174 715 1238 rel
732 1174 819 1239 mala
845 1173 910 1238 sint
931 1174 1003 1256 illa,
1026 1196 1108 1259 quae

1 1303 6 1342 η,
97 1265 222 1327 metum
254 1262 540 1346 aegritudinemve,
572 1261 622 1325 vel
655 1262 754 1345 bona,
786 1283 867 1346 quae
897 1261 1107 1345 cupiditatem

2 1365 5 1416 l
95 1350 297 1416 laetitiamve
315 1353 479 1433 moveant,
502 1352 612 1416 tamen
631 1349 674 1414 sit
692 1350 811 1415 vitiosa
832 1350 904 1434 ipsa
923 1351 1108 1416 commotio.

98 1436 311 1505 Constantem
349 1437 434 1503 enim
467 1436 626 1522 quendam
652 1437 814 1520 volumus,
846 1436 1005 1522 sedatum,
1034 1458 1108 1522 gra

76 1543 184 1609 ’vem,
214 1525 357 1590 humana
390 1526 500 1591 omnia
531 1529 734 1609 spernentem
766 1525 859 1590 illurn
892 1545 976 1608 esse,
1012 1547 1108 1611 quem

54 1637 82 1680 rs
98 1613 342 1701 magnanimum
366 1618 399 1678 et
421 1613 538 1678 fortem
561 1614 667 1678 virum
693 1613 839 1679 dicimus.
884 1613 972 1677 Talis
999 1617 1107 1678 autem

2 1739 3 1744 κ
97 1724 159 1770 nea
187 1723 335 1768 maerens
368 1721 427 1767 nee
458 1702 578 1766 timens
613 1723 672 1767 neo
705 1703 837 1785 cupiens
868 1722 928 1765 neo
964 1702 1107 1786 gestiens

2 1799 3 1806 ’
98 1813 170 1858 esse
201 1791 371 1877 quisquam
399 1793 517 1874 potest.
566 1789 690 1856 Eorum
718 1790 803 1854 enim
830 1788 910 1854 haee
937 1793 1025 1873 sunt,
1053 1789 1108 1874 qui

98 1882 232 1946 eventus
261 1878 420 1943 humanos
448 1877 629 1962 superiores
657 1899 753 1962 quam
780 1899 854 1942 suos
883 1877 1008 1943 animos
1036 1898 1107 1942 esse

99 1968 230 2034 ducunt.
404 2031 407 2040 ,
1194 2013 1198 2018 -

55 2080 84 2121 ao
166 2054 271 2132 Quare
294 2054 438 2120 omnium
464 2053 745 2138 philosophorum,
771 2058 809 2119 nt
837 2057 912 2118 ante
935 2053 1015 2134 dixi,
1043 2019 1160 2146 una&
1269 2087 1270 2112 1

97 2143 184 2210 ratio
204 2146 253 2208 est
271 2141 432 2225 medendi,
454 2145 492 2206 nt
513 2141 610 2226 nihil,
632 2142 726 2226 quale
745 2141 788 2206 sit
809 2141 904 2224 illud,
928 2142 1014 2226 quod
1036 2165 1106 2226 per·

3 2237 4 2244 ’
97 2232 209 2296 turbet
235 2230 392 2308 animum,
419 2229 476 2295 sed
502 2229 541 2294 de
568 2230 641 2313 ipsa
663 2230 707 2294 sit
733 2229 976 2312 perturbatione
1002 2230 1107 2296 dioen-

98 2320 184 2385 dum.
219 2319 333 2402 Itaque
351 2319 490 2401 primum
509 2317 544 2382 in
560 2317 634 2400 ipsa
652 2317 841 2402 eupiditate,
860 2338 932 2382 oum
951 2317 984 2381 id
1003 2319 1109 2383 solum

99 2408 222 2492 agitur,
248 2410 286 2471 ut
313 2427 351 2470 ea
378 2406 527 2490 tollatur,
555 2427 623 2471 non
650 2409 699 2470 eet
725 2403 956 2500 quaerendum,
987 2405 1107 2470 bonum
1174 2409 1179 2423 '

56 2519 85 2561 25
99 2495 179 2562 illud
206 2515 306 2581 neone
334 2494 390 2578 sit,
418 2492 502 2578 quod
529 2493 706 2558 lubidinem
737 2496 879 2574 moveat,
910 2491 967 2556 sed
995 2492 1107 2558 lubido

98 2586 172 2670 ipsa
193 2581 339 2648 tollenda
362 2585 424 2665 est,
446 2584 495 2664 ut,
519 2581 598 2665 sive,
621 2581 706 2665 quod
728 2580 900 2647 honestum
923 2584 986 2662 est,
1009 2580 1042 2644 id
1065 2581 1109 2646 sit

100 2693 262 2748 summum
283 2671 417 2752 bonum,
441 2669 508 2733 sive
531 2669 683 2753 voluptas
707 2669 775 2734 sive
796 2668 914 2735 horum
937 2672 1108 2753 utrumque

100 2761 305 2826 coniunctum
344 2759 410 2823 sive
440 2757 506 2821 tria
536 2757 595 2822 illa
627 2777 745 2840 genera
779 2756 954 2839 bonorum,
988 2758 1108 2840 tamen,

100 2847 229 2913 etiamsi
243 2845 374 2912 virtutis
392 2845 495 2928 ipsius
509 2844 731 2910 vehementior
746 2844 908 2928 adpetitus
927 2843 978 2928 sit,
996 2844 1108 2909 eadem

58 2961 86 3002 uo
101 2937 144 3001 sit
167 2934 316 3000 omnibus
344 2932 385 2998 ad
412 2932 636 2998 deterrendum
660 2932 844 2997 adhibenda
866 2932 979 2997 oratio.
1025 2929 1108 2996 (lon-

99 3024 185 3090 tinet
202 3025 311 3088 autem
329 3041 458 3088 omnem
477 3019 674 3086 sedationem
693 3020 794 3086 animi
817 3019 958 3084 humana
979 3019 1013 3084 in
1036 3040 1108 3084 oon·

100 3114 213 3196 speotu
234 3109 342 3194 posita
363 3111 493 3193 natura,
523 3129 604 3192 quae
627 3129 690 3192 quo
712 3108 840 3174 facilius
868 3127 1017 3190 expressa
1044 3128 1109 3170 eer-

99 3202 215 3282 natur,
251 3196 442 3281 explicanda
480 3199 530 3262 est
566 3197 712 3261 oratione
748 3195 925 3261 eommunis
962 3192 1107 3259 eondioio

65 3287 215 3371 „lexque
242 3286 337 3352 vitae.
385 3283 499 3369 Itaque
526 3305 592 3349 non
619 3284 689 3349 sine
717 3306 827 3368 eausa,
860 3304 932 3349 oum
961 3280 1108 3348 Orestem
1127 3295 1159 3344 63

59 3399 86 3442 os
100 3374 244 3441 fabulam
273 3375 401 3438 doceret
426 3371 613 3457 Euripides,
640 3372 761 3456 primos
788 3372 849 3436 tris
877 3391 987 3435 versus
1019 3391 1107 3436 revo-

101 3485 190 3529 casse
213 3461 330 3526 dieitur
354 3457 516 3527 Socrates:

144 3551 276 3636 Neque
299 3549 376 3616 tam
397 3548 591 3614 terribilis
614 3549 695 3614 nlla
717 3547 831 3614 fando
856 3545 980 3613 oratio
1004 3549 1064 3610 est
