2544 3952
166 221 232 284 402
364 217 661 276 TUSCULANARUM
679 217 980 274 DISPUTATIONUM

167 403 246 447 esse.
287 381 394 464 Atque
417 382 511 447 utin
534 381 628 446 malis
652 381 787 464 attingit
808 380 907 445 animi
929 384 1084 445 naturam
1106 403 1177 446 cor-

166 469 254 553 poris
278 469 470 554 similitudo,
493 469 539 534 sio
562 468 722 534 inbonis.
768 466 850 533 Sunt
873 469 959 534 enim
983 470 1019 532 in
1041 490 1177 552 corpore

165 559 352 642 praecipua,
379 557 544 640 valetudo,
571 557 670 641 vires,
697 556 916 640 pulchritudo,
942 558 1094 641 firmitas,
1124 579 1177 622 ve·

166 647 295 725 locitas,
322 650 398 711 sunt
424 647 503 710 item
531 646 566 710 iu
589 645 706 710 animo.
756 644 798 712 Ut
819 647 906 710 enim
929 645 1073 730 corporis
1095 649 1178 710 tem·

166 735 306 818 petatio,
336 756 410 800 cum
437 755 476 798 ea
502 735 687 818 congruunt
712 732 798 798 inter
829 753 878 814 se,
909 754 927 796 e
955 734 1071 816 quibus
1102 755 1209 800 con-⁵

167 826 306 905 stamuS,
329 822 493 907 sanitas,
515 821 561 886 sic
584 821 684 885 animi
711 820 841 904 dicitur,
868 842 942 886 curn
965 820 1034 886 eius
1057 821 1179 886 iudicia

167 912 399 996 opinionesque
417 909 621 991 concordant,
640 930 740 992 esque
757 909 858 974 animi
876 912 927 973 est
944 909 1059 992 virtus,
1076 931 1178 993 quam

167 1000 224 1064 alii
242 1000 347 1083 ipsam
365 997 615 1082 temperantiam
633 996 743 1062 dicunt
763 1018 847 1080 esse,
871 997 928 1061 alii
951 997 1178 1080 obtemperan-

165 1092 232 1152 tem
263 1086 498 1171 temperantiae
528 1085 726 1170 praeceptis,
757 1089 791 1149 et
822 1107 894 1150 eam
926 1085 1178 1169 subsequentem

164 1197 224 1240 neo
241 1175 381 1241 habente
433 1175 534 1238 ullam
552 1173 692 1256 speciem
709 1194 816 1256 suam,
840 1171 909 1256 sed,
932 1173 1000 1238 sive
1020 1173 1082 1238 hcc
1106 1173 1222 1240 sivero

165 1263 246 1327 illud
273 1264 329 1346 sit,
355 1197 480 1328 inquo
504 1282 573 1327 esse
597 1261 749 1346 sapiente.
793 1260 855 1326 Est
883 1265 991 1326 autem
1014 1262 1177 1345 quaedam

167 1350 266 1416 animi
289 1351 426 1432 sanitas,
456 1371 536 1434 quae
558 1349 594 1413 in
615 1349 821 1435 insipientem
843 1349 941 1413 etiam
965 1349 1072 1432 cadat,
1100 1371 1178 1415 cum

113 1460 146 1509 31
166 1439 332 1505 curatione
354 1437 548 1504 medicorum
571 1437 777 1503 conturbatio
798 1458 873 1502 men
873 1437 917 1502 tis
873 1436 1093 1502 t.aufcrtur
1128 1437 1179 1504 Et

165 1532 202 1594 ut
220 1526 363 1612 corporis
383 1531 432 1592 est
454 1525 609 1611 quaedam
632 1530 710 1610 apta
732 1525 837 1610 fig'ura
859 1525 1078 1591 membrorum
1100 1547 1177 1593 cum

165 1616 284 1681 coloris
312 1615 450 1717 quadam
467 1615 652 1716 suavitate,
680 1625 780 1698 eaque
808 1613 887 1678 dicit
873 1616 927 1678 tur
957 1613 1099 1697 pulchrit
1084 1615 1176 1698 t‚ud0
1192 1641 1219 1680 ιι

166 1705 212 1770 ιιι
234 1705 269 1769 in
291 1703 400 1768 animo
421 1703 609 1788 opinionum
632 1701 885 1786 iudiciorumque
904 1703 1117 1786 aequabilitas
1141 1666 1178 1768 ιι

165 1792 348 1858 constantia
366 1812 440 1856 cum
457 1791 612 1856 firmitate
625 1789 765 1891 quadam
779 1794 812 1854 ιι
826 1790 951 1855 stabilit
937 1794 1004 1855 tate
1018 1791 1176 1856 virtutem

166 1881 363 1963 subsequens
382 1883 439 1944 aut
454 1878 585 1944 virtutis
604 1878 671 1942 vim
688 1878 795 1961 ipsam
815 1878 983 1944 continens
1001 1878 1176 1962 pulchri-

164 1967 256 2032 tudo
279 1969 420 2032 vocatur.
472 1965 618 2049 Itemque
640 1965 762 2031 viribus
785 1966 930 2050 corporis
954 1970 988 2032 ιι
1008 1967 1115 2032 nervis
1140 1971 1176 2032 et

165 2054 350 2119 efficacitati
364 2053 485 2119 similes
499 2053 661 2118 similibus
676 2075 802 2139 quoque
816 2055 923 2119 verbis
937 2055 1054 2119 animi
1068 2057 1174 2120 vires
1189 2083 1218 2122 ιο

163 2142 335 2206 nominant
336 2163 383 2207 ur.
446 2139 576 2206 Velooit
562 2145 613 2206 tas
655 2145 763 2228 autem
801 2143 946 2226 corporis
987 2144 1173 2209 celeritas

165 2230 377 2330 appellatur,
389 2249 472 2331 quas
503 2229 657 2294 eadem
647 2225 771 2314 nigenii
803 2230 902 2295 etiam
934 2230 1005 2296 laus
1034 2231 1175 2296 habetur

165 2321 299 2402 propter
326 2317 426 2382 animi
457 2317 634 2384 multarum
664 2339 773 2383 rerum
804 2318 894 2384 brevi
924 2321 1071 2403 tempore
1102 2341 1173 2404 per·

113 2411 156 2475 14
166 2427 356 2476 cursionum.
412 2404 499 2470 Illud
531 2407 713 2471 animorum
744 2427 977 2492 corporumque
1007 2407 1173 2490 dissimile,

165 2494 250 2580 quod
282 2495 382 2560 animi
417 2492 560 2559 valentes
592 2495 705 2561 morbo
737 2494 892 2578 temptari
929 2495 996 2560 non
1026 2500 1213 2580 possuntne

165 2603 299 2668 corpora
321 2585 470 2666 possunt3
494 2582 550 2647 sed
573 2603 743 2667 corporum
766 2582 960 2648 offensiones
984 2583 1053 2647 sine
1076 2584 1173 2669 culpa

165 2670 307 2736 accidere
329 2673 479 2753 possunt,
502 2669 683 2735 animorum
701 2692 768 2737 non
785 2671 878 2753 item,
901 2691 1038 2755 quorum
1061 2693 1173 2738 omnes

165 2757 271 2823 morbi
294 2759 327 2822 et
348 2756 608 2840 perturbationes
631 2779 670 2822 ex
693 2758 918 2841 aspernatione
940 2759 1077 2824 rationis
1101 2781 1173 2825 eve-

164 2845 320 2928 niunt31t
295 2844 302 2858 '
291 2848 402 2929 itaque
416 2845 451 2910 in
463 2845 649 2912 hominibus
663 2847 768 2910 solum
782 2847 865 2911 exist
866 2848 937 2929 unt3
954 2868 1032 2911 nam
1049 2847 1173 2913 bestiae

166 2932 271 2997 simile
294 2933 446 3017 quiddam
467 2932 604 3017 faciunt,
627 2933 738 2998 sedin
758 2895 1017 3033 perturbationes
1034 2956 1102 3000 non
1124 2936 1172 3001 in·
1185 2961 1212 3003 so

111 3020 285 3090 recidunt.
336 3020 426 3086 Inter
448 3025 560 3087 acutos
581 2984 689 3086 liutem
711 3024 744 3085 ιι
766 3020 851 3086 inter
871 3021 1005 3088 hebetes
1027 3023 1174 3108 interest,

165 3108 287 3209 quod
276 3109 452 3193 ingeniosi,
478 3112 517 3174 ut
537 3131 591 3174 aes
615 3107 850 3175 Corinthium
839 3131 875 3174 m
898 3110 1098 3195 aeruginem,
1127 3113 1174 3178 sie

164 3197 244 3262 illi
234 3219 269 3262 m
287 3197 437 3262 morbum
456 3200 489 3261 et
511 3197 660 3262 incidunt
675 3197 851 3263 tardiust
818 3201 851 3262 et
870 3201 1055 3262 recreantur
1074 3200 1174 3285 ocius,

164 3285 297 3350 hebetes
323 3306 391 3351 non
416 3286 504 3352 item.
553 3283 621 3351 Neo
648 3307 725 3351 vero
752 3285 787 3350 in
809 3307 937 3350 omnem
962 3286 1113 3351 morbum
1136 3309 1174 3352 ac

166 3373 346 3456 perturbat
337 3393 442 3438 ionem
473 3373 598 3438 animus
625 3373 788 3474 ingeniosi
815 3374 913 3457 cadit3
886 3375 1059 3454 t†non
1087 3376 1173 3440 enirn
1186 3400 1211 3442 ιι

166 3460 268 3525 multa
295 3460 437 3526 ecferata
463 3461 532 3526 ιι
522 3461 679 3546 inmania3
706 3461 862 3545 quaedam
890 3465 946 3526 aut
948 3483 999 3526 em
1023 3461 1173 3530 humani-

165 3548 243 3614 tatis
263 3569 388 3633 quoque
412 3548 534 3614 habent
554 3549 693 3632 primam
712 3549 864 3635 speciem,
887 3553 924 3614 ut
942 3550 1173 3637 misericordia,
