2574 3956
165 237 229 300 116
326 235 375 290 Da
394 233 539 290 FINlBUS
557 233 737 289 BONORUM
754 234 802 288 ET
820 231 1003 288 MALORUM

161 419 220 463 nec
257 398 297 462 ad
334 397 532 463 commodius
570 396 789 460 disserendum
825 396 900 460 vim.
955 394 993 458 In
1024 393 1171 478 physicis

161 484 336 569 plurimum
368 486 485 569 posuit.
539 483 589 549 na
621 484 757 548 scientia
788 488 821 548 et
853 483 1025 548 verborum
1055 483 1106 548 vis
1138 486 1171 546 et

161 578 278 638 natura
314 573 470 638 orationis
507 575 540 636 et
575 572 839 655 consequentium
878 571 1171 655 repugnantiumve

161 662 246 726 ratio
278 664 388 745 potest
418 661 573 746 perspici3
603 661 747 725 omnium
776 663 884 724 autem
914 680 1022 723 rerum
1054 663 1173 723 namna

162 751 292 835 cognita
312 750 457 814 levamur
480 748 721 833 superstitione,
743 746 919 812 liberamur
938 747 1053 811 mortis
1072 750 1199 830 metas

161 859 228 902 non
246 839 476 902 conturbamur
493 836 696 921 ignoratione
718 857 838 918 rerum,
861 857 878 899 e
899 857 961 919 qua
980 835 1052 919 ipsa
1069 835 1172 899 horri-

161 926 243 990 biles
263 926 423 989 exsistunt
443 947 539 1009 saepe
557 922 758 1007 formidinem
780 924 915 1008 denique
933 924 1033 988 etiam
1051 924 1172 988 morati
1279 971 1280 978 κ

160 1014 275 1078 melius
295 1014 427 1095 erimus,
445 1035 517 1077 cum
537 1013 754 1093 didicerimus,
773 1012 850 1096 quid
867 1015 985 1076 natura
1002 1012 1172 1076 desideret

161 1101 245 1165 Tum
276 1123 368 1184 vero,
400 1101 427 1164 si
459 1101 607 1165 stabilem
641 1101 810 1164 scientiam
841 1121 949 1164 rerum
979 1100 1172 1178 tenebimus,

162 1192 290 1253 servata
308 1189 379 1271 illa,
402 1209 484 1271 quae
503 1189 596 1271 quasi
615 1188 748 1271 delapsa
767 1188 806 1253 de
825 1189 914 1252 caelo
934 1191 984 1251 est
1002 1188 1043 1253 ad
1060 1189 1171 1272 cogni·
1188 1216 1215 1254 ιο

160 1278 283 1341 tionem
302 1276 458 1357 omnium,
476 1276 601 1360 regula,
626 1275 666 1340 ad
685 1298 781 1360 quam
800 1276 910 1341 omnia
927 1275 1046 1341 iudicia
1063 1297 1172 1340 rerum

161 1365 358 1449 derigentur,
389 1385 565 1447 numquam
598 1363 696 1428 ullius
729 1364 874 1428 oratione
902 1364 979 1428 victi
1010 1365 1173 1429 sententia

109 1466 143 1515 64
162 1452 363 1517 desistemus.
407 1451 480 1516 Nisi
504 1455 611 1516 autem
634 1473 742 1517 rerum
764 1455 881 1516 natura
907 1456 1078 1534 perspecta
1101 1453 1174 1536 erit,

160 1541 248 1605 nullo
290 1540 384 1604 modo
425 1540 602 1624 poterimus
645 1561 795 1604 sensuum
838 1539 957 1604 iudicia
993 1539 1172 1604 defendere.

161 1628 321 1712 Quicquid
347 1650 445 1712 porro
478 1628 585 1692 animo
618 1629 791 1709 cernimus,
823 1627 857 1692 id
889 1649 984 1693 omne
1016 1629 1119 1693 oritur
1152 1651 1173 1692 a
1188 1656 1215 1694 15

161 1717 324 1800 sensibus3
354 1717 410 1800 qui
438 1716 467 1782 si
494 1738 604 1782 omnes
633 1717 701 1781 veri
728 1719 835 1800 erunt,
862 1719 900 1780 ut
925 1715 1058 1799 Epicuri
1086 1717 1171 1780 ratio

161 1805 266 1888 docet,
288 1808 359 1868 tum
378 1805 514 1887 denique
533 1806 656 1887 poterit
674 1805 794 1888 aliquid
815 1805 967 1888 cognosci
985 1807 1019 1869 et
1040 1805 1171 1889 percipi.
1239 1877 1241 1880 ,

161 1893 248 1968 Quos
281 1893 337 1977 qui
372 1892 493 1957 tollunt
529 1897 562 1956 et
594 1891 679 1956 nihil
710 1913 806 1975 porse
837 1891 961 1976 percipi
993 1893 1115 1974 dicunt,
1146 1893 1171 1956 ii

160 1981 294 2045 remotis
314 1980 460 2044 sensibus
478 2001 520 2043 ne
538 1979 572 2043 id
590 1981 697 2064 ipsum
716 1980 843 2064 quidem
858 1980 1009 2062 expedire
1024 1985 1171 2064 possunt,

160 2068 246 2151 quod
260 2068 430 2131 disserunt
457 2066 630 2132 Praeterea
647 2069 776 2132 sublata
789 2069 974 2152 cognitione
988 2072 1022 2132 et
1036 2070 1171 2133 scientia
1185 2097 1213 2134 so

156 2156 287 2220 tollitur
306 2155 411 2219 omnis
433 2155 518 2219 ratio
542 2159 575 2219 et
592 2157 680 2220 vitae
699 2156 861 2239 degendae
882 2158 914 2220 et
932 2177 1038 2220 rerum
1058 2177 1171 2240 geren·

161 2244 283 2308 darum.
338 2241 391 2309 Sic
422 2263 439 2306 e
467 2242 614 2327 physicis
642 2249 675 2307 et
705 2243 862 2308 fortitudo
891 2245 1029 2309 sumitur
1058 2249 1172 2309 contra

161 2331 276 2395 mortis
299 2331 450 2396 timorem
473 2335 505 2395 et
528 2331 712 2396 constantia
730 2334 843 2397 contra
862 2336 985 2396 metum
1002 2333 1171 2417 religionis

162 2425 194 2484 et
213 2419 336 2484 sedatio
352 2419 453 2483 animi
471 2420 612 2484 omnium
628 2441 734 2484 rerum
750 2419 948 2484 occultarum
966 2420 1171 2505 ignoratione

161 2507 290 2572 sublata
313 2510 346 2571 et
363 2507 543 2572 moderatio
565 2511 684 2572 natura
702 2507 915 2591 cupiditatum
933 2509 1171 2593 generibusque
1185 2537 1212 2576 25

161 2616 271 2660 earum
291 2595 469 2678 explicatis,
488 2599 530 2678 et,
554 2600 592 2660 ut
609 2597 705 2660 modo
724 2595 825 2677 docui,
845 2597 1040 2680 cognitionis
1058 2599 1172 2681 regula

161 2688 195 2747 et
212 2682 331 2747 iudicio
351 2683 392 2746 ab
412 2683 523 2747 eodem
533 2683 590 2748 illo
605 2684 781 2750 constituto
791 2684 860 2748 veri
870 2706 891 2747 a
903 2683 989 2748 falso
1004 2684 1171 2750 distinctio

108 2771 344 2955 {glindittdsrtat
378 2858 467 2922 locus
504 2858 578 2923 huic
614 2859 827 2942 disputationi
863 2861 914 2924 vel
945 2860 1085 2926 maxime
1115 2864 1171 2926 'ue-

162 2946 320 3012 cessarius
343 2944 383 3009 de
407 2947 564 3028 amicitia,
587 2968 697 3030 quam,
721 2948 749 3011 si
767 2947 918 3031 voluptas
943 2969 1104 3013 summum
1127 2951 1172 3014 sit
1186 2977 1213 3017 ro

161 3034 295 3115 bonum,
319 3033 490 3099 affirmatis
512 3034 634 3098 nullam
660 3035 792 3100 omnino
813 3035 893 3099 fore.
936 3033 986 3100 De
1009 3058 1073 3120 qua
1093 3037 1171 3121 Epi-

161 3144 257 3186 curus
281 3122 411 3206 quidem
428 3123 476 3186 ita
495 3122 586 3206 dicit,
609 3123 752 3187 omnium
770 3144 893 3205 rerum,
916 3145 995 3206 quas
1015 3125 1055 3188 ad
1076 3127 1171 3190 beate

161 3209 333 3274 vivendum
366 3209 525 3293 sapientia
558 3211 808 3296 comparaverit,
843 3211 927 3275 nihil
960 3234 1029 3277 ease
1066 3213 1172 3278 maius

162 3298 317 3381 amicitia,
340 3298 422 3362 nihil
441 3297 585 3382 uberius,
607 3298 689 3362 nihil
707 3298 886 3363 iucundius.
926 3297 995 3364 Nee
1012 3321 1090 3365 vero
1109 3301 1172 3366 hoe

162 3387 306 3451 oratione
339 3385 459 3468 solum,
492 3386 546 3450 sed
579 3377 680 3450 multo
713 3388 817 3472 magis
850 3389 918 3451 vita
950 3391 982 3452 et
1012 3388 1109 3453 factis
1138 3395 1172 3454 et
1185 3416 1211 3457 ss

161 3474 307 3538 moribus
326 3474 558 3555 comprobavit.
600 3473 692 3550 Quod
712 3495 809 3558 quam
828 3495 981 3559 magnum
1001 3475 1053 3559 sit,
1076 3478 1171 3542 fictae

161 3565 306 3626 veterum
324 3560 455 3624 fabulae
474 3560 652 3646 declarant,
675 3562 708 3626 in
732 3563 847 3645 quibus
871 3566 939 3627 tam
957 3564 1067 3629 multis
1088 3568 1172 3630 tam·
