2544 3952
346 244 897 314 mmmmmwm.
1058 246 1123 311 m

112 409 246 474 brarum
270 407 397 473 obfudit
420 407 581 490 exsilium,
605 411 662 472 aut
684 429 807 492 eorum,
830 430 911 493 quae
930 408 1024 474 modo
1048 409 1124 492 dixi,

112 499 141 562 si
170 496 248 582 quid
276 495 398 578 extitit3
427 497 489 560 etsi
517 495 717 580 singularum
740 519 847 561 rerum
871 501 945 561 sunt
974 497 1124 581 propriae

112 585 351 652 consolationes
358 634 366 668 ,
389 583 563 668 dequibus
583 584 692 649 audies
711 588 747 649 tu
770 584 912 669 quidem,
936 608 1008 650 cum
1025 585 1123 650 voles.

113 672 177 738 Sed
196 673 236 739 ad
256 672 392 737 eundem
414 671 540 737 fontem
558 673 780 737 revertendum
804 677 866 756 est,
890 673 1124 758 aegritudinem

86 785 244 828 somnem
276 761 390 845 procul
423 760 535 825 abesse
567 784 585 824 a
618 761 779 846 sapiente,
814 762 899 846 quod
935 762 1040 826 inanis
1072 763 1124 846 sit,

8 909 9 924 ,
113 851 199 935 quod
226 851 347 915 frustra
376 849 583 934 suscipiatur,
610 848 697 934 quod
724 872 789 914 non
815 854 931 915 natura
954 850 1125 933 exoriatur,

114 939 170 1004 sed
198 938 330 1023 iudicio,
359 937 415 1001 sed
439 937 604 1021 opinione,
628 937 684 1002 sed
707 937 845 1021 quadam
868 938 1058 1004 invitatione
1083 937 1124 1002 ad

113 1027 301 1110 dolendum,
334 1048 406 1091 cum
439 1026 472 1089 id
509 1025 743 1091 decreverimus
780 1027 826 1090 ita
862 1026 932 1091 fieri
969 1029 1124 1111 oportere.

112 1113 185 1180 Hoc
209 1114 368 1198 detracto,
392 1114 477 1197 quod
499 1118 606 1179 totum
629 1118 679 1178 est
700 1115 931 1197 voluntarium,
955 1114 1123 1200 aegritudo
1142 1124 1176 1174 83

72 1230 98 1268 ro
113 1204 176 1269 erit
212 1203 341 1268 sublata
377 1202 434 1266 illa
470 1224 636 1285 maerens,
673 1225 799 1268 morsus
835 1207 945 1267 tamen
982 1207 1014 1268 et
1049 1225 1124 1268 con-

8 1329 9 1338 *
112 1291 330 1357 tractiuncula
354 1290 512 1376 quaedam
534 1291 631 1355 animi
654 1291 864 1376 relinquetur.
900 1289 993 1356 Hane
1016 1292 1125 1356 dicant

113 1402 193 1446 sane
215 1378 411 1464 naturalem,
433 1378 510 1443 dum
533 1379 744 1464 aegritudinis
765 1400 884 1445 nomen
908 1379 994 1444 absit
1017 1400 1125 1466 grave,

8 1523 9 1546 ,
112 1472 269 1552 taetrum,
292 1467 471 1551 funestum,
494 1468 669 1552 quodcum
689 1467 849 1551 sapientie
870 1471 1064 1552 esseatque,
1087 1473 1124 1532 ut

8 1559 9 1604 ῖ
112 1559 162 1622 ita
180 1557 295 1640 dicam,
313 1555 462 1620 habitare
481 1556 682 1622 nullomodo
701 1556 814 1639 possit.
841 1555 887 1619 At
905 1577 986 1640 quae
1006 1556 1124 1639 stirpes

8 1611 13 1734 l
73 1671 99 1710 1⁵
115 1649 191 1710 suut
215 1644 440 1729 aegritudinis
469 1666 566 1728 quam
593 1644 728 1726 multae,
756 1665 852 1728 quam
876 1645 1015 1708 amarae!
1043 1666 1124 1729 quae

114 1735 187 1818 ipso
205 1737 320 1819 trunco
339 1755 449 1798 everso
469 1753 581 1798 omnes
600 1732 765 1817 eligendae
785 1735 924 1815 suntet,
948 1733 976 1796 si
993 1753 1124 1797 necesse

114 1823 188 1906 erit,
221 1821 358 1906 singulis
391 1820 676 1904 disputationibus.
727 1818 881 1903 Superest
912 1820 998 1883 enim
1030 1821 1124 1885 nobis

113 1910 188 1992 hoc,
217 1909 408 1974 cuicuimodi
436 1912 498 1993 est,
527 1909 637 1974 otium.
688 1905 750 1972 Sed
776 1910 860 1972 ratio
888 1931 952 1972 una
980 1909 1124 1972 omnium
1176 1918 1181 1926 '

114 2004 165 2062 est
197 1997 447 2083 aegritudinum,
478 1997 573 2080 plura
604 1997 745 2061 nomina.
800 1995 886 2062 Nam
919 2000 952 2060 et
981 1996 1124 2061 invidere

73 2113 100 2151 20
113 2086 327 2172 aegritudinis
352 2089 457 2150 estet
480 2086 634 2150 aemulari
657 2090 690 2148 et
713 2085 895 2150 obtrectare
918 2089 952 2148 et
979 2085 1124 2150 misereri

8 2209 9 2224 .
114 2178 147 2238 et
177 2176 267 2258 angi,
294 2174 419 2259 lugere,
446 2195 602 2256 maerere,
630 2194 784 2238 aerumna
810 2173 916 2256 adfici,
945 2173 1124 2256 lamentari,

8 2231 10 2324 l
114 2261 293 2346 sollicitari,
312 2261 428 2346 dolere,
447 2262 481 2326 in
494 2262 646 2327 molestia
663 2283 741 2345 esse,
760 2261 928 2346 adflictari,
946 2261 1123 2345 desperare.

113 2349 203 2415 Haec
226 2351 334 2416 omnia
361 2349 517 2414 definiunt
539 2348 654 2432 Stoici,
682 2371 781 2432 eaque
804 2350 916 2433 verba,
943 2371 1026 2433 quae
1048 2350 1123 2434 dixi,
1142 2369 1177 2418 84

114 2439 316 2524 singularum
339 2459 445 2502 rerum
469 2442 557 2518 sunt,
579 2459 657 2520 non,
680 2441 717 2501 ut
738 2437 899 2520 videntur,
923 2437 1052 2502 easdem
1071 2459 1122 2502 res

72 2555 99 2604 aa
114 2527 312 2613 significant,
341 2525 396 2590 sed
425 2525 546 2610 aliquid
575 2525 738 2608 differunt,
765 2525 850 2611 quod
877 2525 941 2589 alio
964 2525 1036 2591 loeo
1058 2526 1123 2591 for-

21 2609 26 2618 ’
113 2621 201 2680 tasse
228 2615 449 2679 tractabimus.
498 2611 587 2678 Haec
620 2617 694 2678 sunt
721 2613 797 2678 illae
830 2614 930 2678 fibrae
963 2614 1123 2698 stirpium,

114 2727 194 2788 quas
216 2703 326 2768 initio·
337 2701 418 2786 dixi,
439 2702 677 2786 persequendae
696 2706 729 2766 et
748 2724 858 2767 omnes
878 2703 1060 2786 eligendae,
1081 2725 1123 2783 na

114 2813 267 2876 umquam
281 2792 348 2856 ulla
368 2791 474 2874 possit
487 2790 631 2855 existere.
662 2790 817 2875 Magnum
838 2800 918 2874 opus
933 2794 966 2854 et
984 2791 1124 2873 difficile,

114 2881 185 2964 quis
204 2879 325 2964 negat?
344 2879 420 2964 quid
440 2882 548 2943 auteur
566 2880 766 2962 praeclarum
780 2900 847 2945 non
864 2879 949 2944 idem
965 2879 1122 2944 arduum?

73 2996 100 3035 ao
114 2968 170 3033 sed
193 2972 303 3033 tamen
321 2967 354 3031 id
374 2988 416 3031 se·
427 2967 613 3032 effecturam
636 2966 842 3050 philosophia
859 2969 1038 3052 profitetur,
1061 2988 1121 3030 nos

113 3053 211 3122 modo
239 3057 438 3120 curationem
463 3055 529 3120 eius
558 3054 758 3137 recipiamus.
792 3055 924 3144 ,Verum
950 3056 1030 3120 haec
1053 3053 1122 3137 qui-

8 3209 9 3218 ,
113 3145 186 3208 deur
208 3143 377 3227 haetenuS,
400 3146 520 3225 cetera,
545 3143 830 3228 quotienscumque
852 3143 981 3226 voletis,
1006 3144 1038 3205 et
1060 3140 1122 3205 hoe

112 3233 184 3298 loco
209 3236 242 3297 et
265 3232 337 3298 aliis
361 3235 477 3316 parata
499 3231 592 3296 vobis
616 3237 718 3296 erunt.
