2552 3966
163 216 207 279 60
419 213 713 269 nonnnnsscoaoll
731 212 898 267 PRIORUM
952 237 958 248 ·

162 397 296 441 uxorem
313 376 535 460 interemebat‚
558 398 631 441 cnm
645 375 826 440 conabatur
838 374 937 438 etiam
954 378 1094 458 patrem,
1112 394 1193 439 non

164 464 296 548 perinde
320 465 511 530 movebatur
532 463 636 548 falsis,
659 467 697 528 ut
717 463 804 527 veris
827 462 1031 528 moreretur?
1070 461 1190 539 Quid?

164 552 234 635 ipse
258 552 413 618 Alcmaeo
445 556 534 636 tuus,
568 552 623 635 qui
651 555 752 636 negat
785 549 856 615 ‘cor
886 551 949 615 sibi
976 571 1050 614 cnm
1073 550 1190 628 oculis

165 639 369 724 consentire,
391 662 498 705 nonne
521 639 643 703 ibidem
665 639 799 704 incitato
822 638 944 704 furore:

232 763 330 827 unde
353 763 447 827 haec
469 762 628 826 flamma
650 760 797 826 oritur?
1206 775 1225 815 ⁵

165 889 198 948 et
220 885 278 949 illa
301 885 465 970 deinceps:

230 1007 410 1094 †Incede,
433 1009 580 1093 incede;
605 1009 760 1091 adsunt,
783 1031 839 1072 me
863 1012 1056 1128 expetunt.

165 1148 272 1226 Quid?
296 1171 369 1214 cum
392 1150 528 1235 virginis
552 1149 646 1214 fidem
669 1149 837 1232 implorat:

231 1289 303 1354 Fer
325 1291 376 1355 mi
399 1291 600 1374 auxilium,
623 1291 770 1374 pestem
795 1289 909 1375 dbige
932 1310 952 1352 a
974 1311 1044 1373 me,
1067 1289 1185 1354 flam-

303 1377 479 1444 miferam
506 1379 607 1444 hanc
635 1378 724 1461 vim,
755 1397 853 1461 quse
887 1399 942 1441 me
966 1378 1182 1443 excruciat!
1201 1396 1235 1434 10

233 1463 420 1533 Caeruleo
444 1467 638 1532 incinctae
658 1465 775 1550 angui
797 1463 994 1550 incedunt,
1017 1465 1185 1531 circum-

537 1557 646 1620 stant
674 1575 756 1618 cum
785 1551 1012 1619 ardentibus
1036 1554 1187 1642 taedis,

165 1700 244 1742 num
267 1678 410 1831 dpbitas,
437 1678 517 1762 quin
540 1678 604 1743 sibi
634 1677 715 1742 haec
737 1675 845 1741 videre
867 1675 1038 1742 videatur?
1082 1675 1185 1742 Item-

167 1789 228 1851 que
252 1788 287 1832 ee
304 1789 373 1831 era:

232 1906 407 1972 Inte‘ndit
431 1907 594 1972 crinitus
618 1907 761 1991 Apollo
1199 1942 1229 1982 15

234 1996 374 2059 Arcum
398 1998 585 2078 adratum,
608 1996 699 2060 luna
722 1993 896 2078 innixus,
949 2002 953 2009 '

232 2079 359 2146 Diana
380 2082 501 2146 facem
524 2082 621 2147 iacit
644 2085 663 2146 a
686 2083 804 2147 laeva.

113 2239 149 2288 90
167 2222 230 2298 Qui
256 2222 362 2306 magis
389 2223 468 2288 haec
501 2223 655 2306 crederet,
685 2224 714 2287 si
741 2228 862 2307 essent,
892 2246 989 2307 quam
1017 2225 1182 2310 credebat,

168 2311 246 2394 quia
272 2310 485 2375 videbantur?
530 2312 677 2395 Apparet
704 2312 790 2376 enim
810 2311 886 2376 iam
914 2311 985 2377 ‘eor
1007 2334 1081 2378 cnm
1104 2335 1181 2379 ocu·

166 2399 208 2463 lis
241 2397 442 2464 consentire?
489 2397 606 2464 Omnia
638 2403 746 2464 autem
777 2400 857 2464 haec
888 2400 1108 2487 proferuntur,
1141 2407 1181 2468 ut
1197 2437 1226 2476 20

167 2487 246 2551 illud
260 2486 428 2572 efficiatur,
451 2509 513 2571 qno
532 2488 651 2553 certius
669 2487 753 2552 nihil
776 2491 885 2571 potest
903 2510 982 2573 esse,
1005 2490 1090 2554 inter
1107 2491 1181 2555 visa

167 2597 245 2639 vera
268 2580 302 2640 et
322 2575 406 2640 falsa
427 2576 469 2640 ad
492 2577 592 2641 animi
610 2577 781 2641 adsensum
799 2575 883 2640 nihil
905 2576 1071 2642 interesse.
1108 2577 1179 2658 Vos

169 2665 277 2726 autem
298 2663 384 2728 nihil
407 2664 519 2748 agitis,
548 2686 621 2728 cum
644 2665 703 2728 illa
724 2663 808 2728 falsa
831 2665 882 2728 vel
904 2663 1101 2731 furiosorum
1125 2667 1179 2731 vel

168 2750 401 2815 somniantium
414 2752 636 2817 recordatione
655 2752 800 2835 ipsorum
813 2751 970 2817 refellitis.
1000 2752 1076 2818 Non
1089 2754 1178 2820 enim

168 2837 202 2900 id
226 2838 399 2922 quaeritur,
430 2839 534 2923 qualis
556 2839 735 2904 recordatio
758 2840 829 2904 fieri
852 2840 957 2917 soleat
979 2862 1099 2926 eorum,
1122 2843 1177 2926 qui
1194 2861 1221 2900 2⁵

168 2926 344 3010 experrecti
368 2925 443 3011 sint,
466 2930 523 2992 aut
545 2948 669 3009 eorum,
693 2928 748 3010 qui
769 2927 876 2994 furere
899 2928 1097 3014 destiterint,
1121 2931 1177 2996 sed

168 3013 273 3099 qualis
288 3013 370 3078 visio
388 3013 487 3080 fuerit
505 3018 562 3078 aut
579 3015 756 3080 furentium
775 3019 831 3080 aut
848 3017 1080 3082 somniantium
1098 3022 1178 3102 tum,

168 3125 241 3168 cum
263 3102 486 3167 movebantur.
533 3101 595 3168 Sed
619 3104 700 3169 abeo
723 3125 743 3168 a
766 3105 923 3170 sensibus.

113 3221 147 3270 91
234 3189 318 3266 Quid
350 3193 413 3275 est,
451 3191 536 3276 quod
568 3192 693 3256 ratione
732 3193 856 3277 percipi
891 3191 1017 3277 possit?
1069 3192 1177 3258 Diale·

126 3318 130 3326 ‚
168 3279 283 3343 ctioam
306 3278 471 3344 inventam
495 3299 565 3344 esse
588 3280 697 3345 dicitis
726 3281 793 3345 veri
821 3285 854 3346 et
885 3281 961 3345 falsi
989 3282 1081 3365 quasi
1113 3282 1175 3346 dis·
1190 3301 1219 3340 co

166 3366 862 3540 33tall{llllltmallt⁸{did
875 3368 1096 3522 tellit?
1111 3392 1178 3523 :a

165 3539 301 3606 lectious
325 3542 490 3628 iudicabit,
513 3565 555 3610 an
577 3543 611 3608 in
629 3544 758 3628 litteris,
781 3565 822 3608 an
845 3545 880 3609 in
893 3543 1047 3611 musicis?
1075 3508 1121 3611 lc
1140 3567 1179 3612 ea
