2586 3950
368 235 436 288 affl.
456 233 489 289 ΙΙ.
519 233 595 288 οΑΡ.
616 241 645 303 s,
665 241 689 288 a
717 239 872 299 sar-as.
1061 231 1124 299 133

112 395 148 461 in
169 386 223 461 'eo
261 418 354 462 omne
391 396 533 460 studium
571 400 780 460 consumeret.
845 394 946 471 Quem
987 397 1126 462 libenter

114 506 248 549 cenasse
274 505 368 549 nemo
396 487 503 569 negat
560 480 625 547 Cur
652 484 753 568 igitur
779 505 845 548 non
876 483 979 547 bene?
1034 484 1125 568 Quia,

115 573 202 657 quod
229 573 326 655 bene,
353 572 387 636 id
413 575 514 648 recte,
545 570 909 656 frugaliter,'honeste3
941 571 996 635 ille
1027 594 1124 655 porro
1165 608 1172 624 ·

116 659 242 743 [male,]
270 681 383 742 prave,
410 659 571 743 nequiter,
598 659 737 742 turpiter
760 659 910 742 cenabat3
937 681 1003 724 non
1025 659 1126 743 igitur

86 747 194 812 sterce.
253 746 322 812 Nec
358 747 486 830 lapathi
525 748 720 812 suavitatem
757 747 944 832 acupenseri
982 746 1125 811 Gallonii

115 835 245 899 Laelius
265 835 492 918 anteponebat,
511 835 567 899 sed
586 835 781 900 suavitatem
799 837 905 919 ipsam
918 835 1125 921 neglegebat3

116 923 201 1008 quod
232 944 298 988 non
329 923 462 1007 faceret,
495 922 523 986 si
555 924 589 987 in
620 923 789 1007 voluptate
817 945 977 988 summum
1004 925 1125 988 bonum

114 1015 258 1094 poneret

183 1097 386 1164 Semovenda
404 1103 454 1163 est
472 1099 573 1182 igitur
591 1100 754 1183 voluptas,
776 1122 842 1164 non
861 1101 965 1164 solum
984 1103 1020 1163 ut
1038 1104 1125 1164 recta
1151 1099 1170 1160 9

73 1214 100 1253 ro
116 1186 309 1272 sequamini,
353 1187 409 1252 sed
450 1186 548 1251 etiam
588 1191 625 1251 ut
665 1188 754 1272 loqui
795 1187 906 1252 deceat
945 1187 1133 1272 frugaliter?

114 1275 332 1340 Possumusne
369 1294 446 1359 ergo
482 1275 518 1338 in
553 1275 623 1338 vita
658 1297 818 1340 summum
855 1274 977 1339 bonum
1013 1276 1177 1359 dicerene

115 1385 189 1428 cum
220 1362 254 1428 id
285 1383 326 1427 ne
358 1363 393 1426 in
425 1384 504 1427 cena
536 1363 663 1446 quidem
695 1384 789 1446 posse
816 1363 1004 1427 videamur?
1055 1364 1124 1440 Quo

115 1451 213 1516 modo
233 1454 340 1516 autem
361 1449 573 1535 philosophus
592 1451 759 1536 loquitur?
796 1450 883 1516 ‘Tria
901 1472 1019 1535 genera
1038 1453 1125 1535 cupi-

116 1540 269 1618 ditatum,
300 1539 466 1602 naturales
499 1542 531 1602 et
562 1539 774 1616 necessariae,
806 1539 969 1602 naturales
1002 1543 1034 1603 et
1060 1561 1126 1604 non

73 1652 100 1692 rs
114 1628 331 1709 necessariae,
356 1648 415 1690 nec
438 1626 603 1690 naturales
625 1647 684 1691 nec
712 1625 932 1690 necessariae?
981 1625 1125 1690 Primum

116 1715 228 1780 divisit
250 1715 465 1797 inelegantem
488 1712 550 1779 duo
575 1714 661 1778 enirn
684 1735 804 1798 genera
824 1736 904 1798 quae
924 1720 1024 1790 erant,
1047 1715 1126 1779 fecit

115 1803 188 1867 tria.
234 1801 304 1867 Hoc
327 1805 465 1866 estnon
491 1801 647 1885 dividere,
676 1802 731 1867 sed
759 1802 915 1886 frangere.
962 1802 1022 1878 Qui
1046 1802 1125 1866 haec

116 1891 305 1969 didicerunt,
325 1911 405 1974 quae
419 1889 474 1954 ille
489 1891 674 1975 contemnit,
694 1890 737 1955 sic
755 1891 873 1954 solent:
898 1889 986 1954 ‘Duo
1006 1909 1126 1974 genera

116 1979 340 2062 cupiditatum,
362 1979 527 2043 naturales
551 1982 583 2042 et
601 1979 729 2064 inanes,
751 1977 949 2043 naturalium
972 1977 1049 2063 duo,
1071 2000 1126 2042 ne-

74 2091 101 2129 ro
116 2067 274 2132 cessariae
309 2070 341 2130 et
376 2088 442 2131 non
477 2066 698 2131 necessariae?
762 2064 917 2131 Confecta
948 2088 999 2131 res
1032 2071 1125 2131 esset.

116 2153 278 2220 Vitiosum
310 2157 360 2218 est
391 2155 477 2218 enim
507 2154 542 2218 in
572 2154 743 2220 dividendo
779 2158 907 2238 partem
938 2155 973 2222 in
1008 2177 1125 2240 genere

115 2263 292 2308 numerare.
330 2240 392 2307 Sed
409 2241 472 2306 hoc
492 2263 568 2306 sanc
587 2242 812 2326 concedamus,
837 2241 1016 2308 contemnit
1039 2244 1125 2307 enim
1144 2265 1176 2312 aa

116 2330 295 2395 disserendi
331 2330 536 2414 elegantiam.
599 2328 738 2396 Confusa
775 2331 931 2413 loquitur3
968 2331 1125 2414 gerendus

117 2421 167 2484 est
194 2440 277 2500 mm,
304 2418 399 2483 modo
427 2421 514 2482 recte
542 2418 670 2482 sentiat.
719 2418 878 2502 Equidem
909 2417 989 2481 illud
1019 2419 1126 2501 ipsum

74 2531 100 2571 as
116 2528 184 2572 non
215 2505 351 2570 nimium
382 2507 485 2590 probo
519 2512 552 2570 et
584 2509 710 2570 tantum
742 2506 862 2589 patior,
895 2505 1126 2589 philosophum

115 2596 204 2678 loqui
231 2595 269 2658 de
299 2593 531 2678 cupiditatibus
558 2593 715 2658 finiendis
760 2593 813 2657 An
835 2597 943 2677 potest
966 2594 1124 2677 cupiditas

115 2683 223 2747 finiri?
270 2681 424 2746 Tollenda
448 2686 498 2746 est
516 2685 611 2765 atque
631 2681 826 2746 extrahenda
844 2682 1008 2747 radicitus.
1046 2682 1125 2757 Quis

117 2777 167 2836 est
198 2771 296 2853 enim,
328 2771 362 2834 in
389 2791 452 2854 quo
485 2770 528 2833 sit
560 2770 732 2853 cupiditas,
765 2771 842 2854 quin
873 2773 960 2834 recte
993 2771 1125 2854 cupidus

116 2859 179 2923 dici
197 2857 323 2942 possit?
359 2857 449 2942 Ergo
469 2861 502 2921 et
520 2880 636 2922 avarus
656 2859 726 2941 erit,
745 2859 801 2922 sed
819 2859 919 2941 finite,
939 2861 971 2922 et
991 2858 1126 2937 adulter,

73 2973 101 3011 so
117 2968 228 3012 verum
254 2946 390 3010 habebit
420 2945 565 3030 modum,
600 2949 633 3010 et
664 2947 845 3011 luxuriosus
876 2946 988 3011 eodem
1020 2947 1125 3011 modo.

116 3035 229 3112 Qualis
261 3035 325 3098 ista
352 3033 558 3117 philosophia
585 3038 649 3118 est,
681 3057 762 3118 quae
789 3055 855 3098 non
881 3035 1048 3099 interitum
1079 3035 1126 3098 af·

114 3122 200 3188 ferat
217 3123 398 3206 pravitatis,
417 3121 473 3186 sed
488 3123 532 3186 sit
545 3126 697 3186 contenta
711 3122 933 3187 mediocritate
947 3123 1125 3187 vitiorum?

116 3210 317 3295 Quamquam
335 3211 371 3274 in
388 3210 449 3274 hac
474 3210 630 3274 divisione
649 3232 716 3275 rem
737 3212 842 3294 ipsam
861 3232 993 3293 prorsus
1012 3210 1125 3293 probo,

116 3299 311 3384 elegantiam
335 3297 489 3364 desidero.
527 3297 680 3382 Appellat
702 3299 783 3363 haec
801 3299 959 3363 desideria
981 3301 1125 3380 naturae,

74 3413 100 3454 ss
116 3387 302 3472 cupiditatis
329 3407 448 3453 nomen
477 3391 582 3451 servet
610 3387 689 3471 alio,
716 3391 752 3452 ut
779 3408 863 3470 eam,
890 3407 963 3450 cunr
987 3384 1025 3448 de
1049 3407 1125 3449 ava-

114 3475 204 3559 ritia,
232 3497 305 3540 cum
333 3473 371 3538 de
399 3475 664 3558 intemperantia,
692 3496 763 3539 cunr
790 3474 829 3538 de
856 3473 1006 3538 maximis
1035 3473 1125 3538 vitiis

114 3565 279 3648 loquetur,
301 3568 466 3647 tamquam
489 3563 606 3646 capitis
630 3569 765 3628 accuset.
808 3561 872 3626 Sed
893 3561 973 3626 haec
997 3560 1125 3645 quidem
1143 3582 1177 3630 aa
