2574 3956
304 201 373 258 LIB.
387 202 420 256 ΙΙ.
435 200 704 258 ARGUMENTUM.
733 200 808 257 CAP.
830 207 853 255 1.
881 207 939 268 §1-
1064 201 1125 265 121

111 359 272 427 sententia,
290 361 404 415 beatum
422 360 571 416 dicendum
589 376 663 428 esse,
687 359 735 429 qui
756 360 787 415 in
809 360 931 415 omnium
952 361 1128 429 voluptatum

18 459 19 474 ι
112 431 201 502 copia
222 430 358 500 molliter,
382 433 432 486 sed
456 433 536 486 caute
560 433 589 485 et
611 431 761 500 prudenter
783 431 874 498 vivat,
897 434 929 484 ut
951 431 983 485 L.
1009 431 1128 485 Thorius

18 569 19 572 Ἴ
111 502 222 556 Balbus
236 501 344 569 fecerit,
363 502 417 555 sibi
429 501 585 556 beatiorem
598 501 688 554 videri
701 501 787 555 fnisse
804 502 942 572 Regulum
954 503 1015 554 tum
1028 502 1128 570 ipsum,

17 597 18 608 κ
112 589 181 626 cum
209 572 381 626 cruciaretur
409 574 479 641 (cap.
508 572 562 640 20).
610 571 724 640 Epicuri
752 573 918 626 sententiam
946 573 1073 640 sequenti
1100 575 1130 626 et

17 671 18 678 κ
113 642 266 696 Lucretiae
290 644 319 697 et
340 643 370 697 h.
390 641 517 712 Verginii
538 643 616 696 facta
638 642 824 711 vituperanda
845 659 917 710 esse,
941 659 992 697 neo
1015 643 1129 696 omnino

113 715 147 767 in
169 714 221 767 illa
244 713 341 774 schola
367 714 456 766 claros
477 713 552 766 viros
575 713 663 766 testes
687 713 828 780 adhiberi,
855 713 1028 782 virtutesque
1053 714 1129 782 ipsas

113 783 215 838 induci
232 783 386 853 voluptatis
401 783 552 838 ancillulas
572 784 643 851 (cap.
662 787 716 853 21).
750 783 830 850 Quod
849 787 943 839 autem
961 785 1046 854 neget
1064 783 1129 852 Epi·

25 907 32 928 ,
116 871 201 908 curus
221 870 403 922 quemquam,
422 853 470 922 qni
487 854 603 908 honeste
617 871 674 907 uon
686 853 779 922 vivat,
797 855 916 909 iucunde
930 854 1024 908 vivere
1038 871 1129 923 posse,

115 941 175 978 non
187 940 270 992 posse
284 924 418 978 virtutem
430 923 558 992 retineri,
573 923 597 976 si
611 924 704 978 omnia
717 925 754 978 ad
767 925 943 994 voluptatem
960 924 1130 994 deriguntur,

117 996 170 1050 sed
187 996 298 1048 tantum
315 995 410 1049 fictam
429 993 550 1064 speciem
569 998 640 1063 (cap.
660 998 713 1064 22).
754 995 941 1050 illudentem
960 996 1041 1064 quale
1060 1011 1130 1060 esse,

116 1066 195 1135 quod
221 1083 256 1120 ne
279 1064 404 1134 profiteri
427 1065 540 1133 quidem
563 1065 710 1132 quisquam
741 1081 804 1120 eam
831 1066 999 1121 sententiam
1026 1066 1132 1120 audeat

116 1137 195 1206 apud
221 1137 370 1205 populum,
397 1152 427 1190 se
454 1135 547 1190 omnia
573 1135 727 1204 voluptatis
750 1138 876 1192 autnon
905 1136 1021 1191 dolendi
1045 1153 1131 1190 cauea

115 1209 230 1262 facere?
258 1209 329 1275 (cap.
349 1209 402 1275 23).
439 1205 498 1260 Nec
516 1205 671 1274 amicitiam
690 1207 841 1261 consistere
859 1223 954 1277 posse,
981 1223 1052 1276 quae
1070 1224 1129 1260 mu·

115 1280 181 1332 tata
202 1276 327 1332 utilitate
350 1277 414 1345 ipsa
436 1278 560 1332 mutetur
582 1291 695 1330 necesse
717 1277 754 1330 sit
777 1279 848 1346 (cap.
873 1280 927 1347 24).
972 1277 1052 1343 Quod
1070 1278 1131 1347 ipse

116 1348 257 1416 Epicurus
275 1347 414 1402 amicitias
433 1363 497 1401 oum
514 1347 568 1400 fide
588 1347 718 1414 coluerit,
736 1347 836 1402 melius
851 1364 915 1402 eum
927 1349 1028 1403 fecisse
1047 1366 1132 1416 quam

118 1419 224 1474 dixisse
243 1420 313 1487 (cap.
334 1420 392 1488 26),
409 1433 463 1472 nec
474 1417 654 1542 probandam
672 1433 732 1472 esse
750 1418 837 1475 ullam
856 1420 997 1474 extribus
1015 1418 1131 1473 rationi·

49 1539 52 1546 r
117 1491 185 1557 bus,
209 1505 278 1556 quas
296 1489 455 1556 Torquatus
493 1487 653 1542 eamicitia
670 1488 861 1558 proposuisset
879 1491 950 1559 (cap.
970 1492 1023 1559 26).
1064 1489 1132 1543 Per·

118 1561 195 1614 fecto
214 1558 301 1628 igitur
319 1561 348 1613 et
371 1559 502 1622 concluso
525 1574 615 1626 neque
638 1558 736 1612 virtuti
753 1575 843 1626 neque
863 1559 1003 1614 amicitiae
1021 1559 1052 1612 in
1064 1559 1130 1628 Epi-

119 1630 180 1684 curi
204 1628 353 1698 disciplina
374 1631 468 1683 locum
491 1645 565 1695 esse,
587 1628 709 1682 breviter
733 1627 829 1683 Cicero
853 1630 977 1698 reliquae
995 1630 1132 1698 Torquati

119 1699 243 1755 orationi
270 1699 434 1769 respondet,
461 1699 583 1770 primum
610 1699 723 1752 beatam
750 1699 852 1766 vitam,
887 1699 910 1753 si
936 1701 1067 1769 voluptas
1095 1700 1134 1754 sit

120 1788 260 1825 summum
273 1771 386 1836 bonnm,
405 1769 435 1823 in
447 1771 588 1839 potestate
602 1768 737 1838 sapientis
750 1786 806 1824 non
819 1769 952 1837 futuram,
969 1786 1021 1823 nec
1035 1787 1131 1824 verum

15 1845 17 1874 ³
121 1858 196 1908 esse,
216 1841 290 1909 qnod
308 1841 443 1910 Epicurus
461 1840 549 1909 dicat,
572 1855 629 1893 non
650 1839 786 1893 minorem
804 1841 978 1910 voluptatem
997 1856 1030 1894 ex
1052 1839 1133 1894 brevi

119 1915 247 1980 tempore
267 1929 350 1979 quam
369 1928 402 1965 ex
419 1910 573 1980 longinquo
591 1909 700 1980 percipi
717 1911 750 1978 (c.
772 1912 824 1979 27).
862 1910 941 1965 Etsi
962 1911 1133 1966 concedatur

119 1984 213 2052 ipsam·
230 1983 359 2036 naturam
378 1981 534 2051 sapientem
552 1981 733 2050 locupletare,
753 1983 782 2035 et
800 1998 937 2036 summam
955 1981 1132 2051 voluptatem

122 2070 156 2106 ex
182 2051 337 2124 vilissimis·
354 2052 435 2105 rebus
461 2050 582 2121 percipi,
605 2051 673 2121 quid
703 2051 737 2105 de
762 2051 859 2106 dolore
881 2052 1030 2106 dicendum
1054 2059 1132 2106 esse?

122 2123 171 2191 qui
188 2123 213 2176 si
231 2140 369 2176 summum
388 2122 425 2177 sit
438 2124 558 2190 malum,
578 2137 688 2176 omnem
701 2122 890 2176 beatae‘vitae
904 2121 1131 2177 constitutionem

122 2193 212 2248 everti
234 2195 305 2262 (cap.
329 2197 388 2261 28);
411 2209 476 2248 nam
499 2191 623 2246 remedia
647 2192 751 2247 doloris
775 2193 810 2246 ab
838 2193 958 2262 Epicuro
986 2193 1133 2263 proposita

122 2264 230 2317 nnllam
261 2263 319 2336 vim
349 2263 466 2331 hahere,
498 2262 610 2317 virtutis
638 2263 729 2331 potius
761 2264 790 2316 et
817 2263 1019 2333 magnitudinis
1046 2263 1133 2318 animi

122 2333 254 2389 fomentis
272 2351 336 2389 eum
353 2335 450 2403 leniri,
473 2333 557 2402 idque
576 2349 610 2386 ex
635 2333 721 2402 ipsius
739 2332 854 2402 Epicuri
872 2334 991 2404 epistula
1008 2333 1044 2387 ad
1061 2335 1132 2388 Her·

123 2405 270 2458 marchum
292 2419 427 2473 apparare
451 2407 521 2472 (cap.
541 2406 674 2472 29-30).
716 2403 772 2458 Sed
789 2406 822 2457 ut
843 2405 913 2459 haec
933 2404 1054 2485 epistula
1072 2405 1132 2458 lau-

124 2475 217 2530 danda
235 2475 286 2542 sit,
304 2475 344 2528 sic
362 2474 577 2544 improbandum
590 2473 704 2543 Epicuri
722 2475 935 2542 testamentum,
954 2493 983 2528 111
1001 2491 1064 2543 quo,
1084 2475 1133 2542 qui

123 2546 195 2600 nihil
222 2545 258 2598 ad
286 2562 454 2614 quemquam
480 2547 545 2614 post
570 2547 689 2598 mortem
711 2544 850 2613 pertinere
873 2545 1014 2612 statuerit,
1037 2547 1132 2599 tamen

125 2616 274 2685 diligenter
301 2616 335 2669 de
363 2615 498 2670 memoria
525 2632 575 2670 sua
605 2616 704 2669 caveat
730 2617 802 2684 (cap.
828 2617 881 2682 31).
931 2615 1134 2670 Percurruntur

126 2686 238 2754 deinde,
262 2701 332 2754 quae
352 2703 369 2740 a
386 2687 529 2755 Torquato
553 2686 587 2740 de
606 2685 740 2740 memoria
758 2685 936 2755 voluptatum
959 2686 1035 2740 dicta
1053 2689 1134 2741 erant

127 2759 195 2826 (cap.
216 2759 274 2826 32),
297 2759 326 2811 et
348 2756 382 2810 de
406 2756 492 2810 animi
509 2756 686 2825 voluptatum
709 2754 738 2809 et
764 2755 892 2810 dolorum
910 2773 925 2811 e
944 2772 1058 2826 corpore
1078 2758 1132 2811 ori-

126 2829 188 2896 gine
217 2829 247 2881 et
272 2827 462 2896 magnitudine
491 2829 562 2897 (cap.
587 2829 640 2895 33).
681 2825 825 2880 Peroratio
848 2827 914 2882 libri
939 2827 1133 2882 excellentiam

125 2899 261 2952 humanae
283 2900 399 2952 naturae
422 2897 581 2967 praedicat,
604 2913 639 2950 cx
663 2914 717 2964 qua
740 2900 875 2966 appareat
897 2914 947 2952 nos
970 2898 1007 2952 ad
1031 2897 1135 2953 altiora

127 2971 154 3022 et
176 2967 416 3037 magnificentiora
438 2967 576 3035 quaedam
598 2969 680 3020 natos
704 2983 777 3036 esse,
800 2968 946 3037 voluptate
972 2970 1066 3022 autem
1086 2967 1132 3022 do-

125 3038 247 3177 prinante
266 3038 354 3092 vitam
372 3037 504 3092 confundi
522 3053 673 3105 omnesque
691 3037 809 3091 virtutes
827 3038 918 3093 iacere
939 3053 1051 3092 necesse
1072 3054 1132 3092 esse

138 3125 196 3176 cap.
216 3112 349 3178 er-ao).

191 3269 255 3333 Hic
273 3292 346 3335 cum
364 3275 497 3353 uterque
516 3290 567 3334 me
590 3270 768 3334 intueretur
786 3291 919 3354 seseque
942 3269 982 3334 ad
1004 3268 1132 3333 audien·
1153 3245 1171 3364 ᾖ

129 3357 202 3422 dum
221 3358 442 3447 significarent
460 3361 604 3441 paratos,
622 3358 781 3442 Primum,
803 3359 950 3442 inquam,
972 3358 1133 3441 deprecor,

127 3467 165 3509 ne
188 3467 240 3510 me
267 3449 434 3529 tamquam
461 3445 692 3530 philosophum
719 3445 839 3529 putetis
868 3445 1013 3510 scholam
1040 3445 1133 3510 vobis

129 3533 267 3616 aliquam
291 3534 538 3617 explicaturum,
561 3534 645 3618 quod
663 3555 704 3599 ne
727 3535 761 3599 iu
783 3533 862 3617 ipsis
882 3533 1009 3617 quidem
1028 3532 1133 3616 philo·
