2564 3950
168 215 235 280 226
330 216 378 270 DE
397 215 542 272 nmmos
560 215 740 271 BONORUM
757 215 805 270 ΕΤ
824 213 1007 270 MALORUM

169 377 338 460 vidissent,
361 399 415 442 eas
439 374 595 441 aStoicis
614 397 684 440 esse
706 381 906 460 perspectas,
925 375 1114 462 eisdemque
1137 376 1179 440 de

169 464 264 529 rebus
283 465 342 529 hos
357 486 429 529 cum
444 465 569 528 acutius
585 464 782 546 disseruisse,
800 467 871 528 tum
889 464 1027 529 sensisse
1046 464 1177 548 gramm

170 556 202 616 et
218 547 354 635 fortius,
377 552 495 635 quippe
514 551 569 635 qui
586 552 728 634 primum
746 551 965 616 valetudinem
984 551 1105 615 bonam
1124 573 1177 616 cx·

168 640 339 740 petendam
371 644 491 722 negent
523 659 605 721 esse,
638 638 818 724 eligendam
850 639 973 722 dicant,
1004 659 1063 702 nec
1098 639 1177 722 quia

168 728 290 791 bonum
309 726 353 791 sit
370 727 486 808 valere,
505 725 561 790 sed
579 726 655 809 quia
674 727 800 791 sitnon
817 725 920 790 nihilo
939 726 1176 790 assumendum
1191 755 1206 793 s

170 812 286 899 (neque
308 818 417 878 tamen
439 814 542 896 pluris
565 813 631 878 illis
652 813 779 878 videtur
741 812 870 897 ur,qui
892 813 972 878 illud
994 834 1060 876 ιιοιι
1083 813 1203 888 ιιιιιιι

168 905 240 966 tant
261 902 381 966 bonum
405 899 536 986 dicere),
563 900 625 965 boc
655 921 730 965 vcro
754 904 790 964 te
818 899 902 966 ferre
929 921 994 965 non
1021 901 1177 984 potuisse,

169 989 254 1072 quod
285 989 411 1072 antiqui
442 989 503 1053 illi
524 988 617 1072 quasi
649 988 793 1071 barbati,
823 991 861 1052 ut
891 1010 951 1053 nos
983 988 1022 1052 de
1053 988 1175 1053 nostris

169 1077 308 1140 solemus
332 1076 449 1160 dicere,
473 1075 680 1157 crediderint,
699 1076 786 1174 eius,
809 1076 865 1159 qui
888 1075 1023 1141 honeste
1042 1075 1177 1158 viveret,

169 1164 197 1226 si
224 1163 309 1228 idem
338 1163 435 1227 etiam
466 1163 547 1228 bene
575 1125 711 1246 valeret',
743 1164 824 1228 bene
854 1162 993 1246 audiret,
1024 1163 1174 1245 copiosus
1191 1191 1221 1232 ιο

168 1254 253 1313 esset
257 1253 347 1332 ,top
333 1249 517 1314 debiliorem
540 1249 608 1314 fora
631 1251 733 1315 vitam
756 1250 985 1334 melioremque
1013 1254 1046 1314 et
1068 1251 1176 1333 magis

168 1300 379 1420 expetendam
397 1359 494 1420 quam
514 1337 615 1420 illius,
638 1338 692 1420 qui
712 1359 812 1422 aeque
830 1339 879 1404 vir
897 1339 1001 1406 bonus
1024 1336 1176 1403 multis

167 1423 305 1489 modis'
329 1429 428 1508 esset,
450 1429 487 1489 ut
509 1423 609 1490 Ennii
631 1425 799 1509 Alcmaeo,

168 1554 539 1621 ...circumventus
564 1557 710 1639 morbo,
732 1556 872 1621 exsilio
897 1560 1009 1640 atque
1031 1553 1175 1638 inopia.

115 1700 148 1750 63
167 1685 221 1750 Illi
248 1687 349 1772 igitur
377 1688 502 1772 antiqui
528 1708 596 1752 ιιοιι
621 1690 690 1752 tam
714 1689 805 1752 acute
829 1687 1053 1770 optabiliorem
1081 1687 1174 1752 illam
1190 1715 1217 1756 15

167 1775 213 1838 vit
200 1779 267 1839 tam
286 1778 413 1858 putant,
431 1775 717 1859 praestantiorem,
736 1774 927 1857 beatiorem,
946 1773 1046 1840 Stoici
1064 1778 1175 1839 autem

167 1864 239 1926 tant
240 1883 295 1928 um
326 1862 422 1927 modo
450 1863 747 1949 praeponendam
737 1883 772 1929 m
805 1862 984 1946 seligendo,
1015 1883 1081 1926 nou
1109 1884 1174 1946 quo
1278 1925 1279 1928 ,

167 1950 252 2014 beat'
229 1954 293 2014 ιιοι
321 1971 359 2014 ea
385 1949 453 2013 vita
481 1950 539 2032 sit,
511 1949 621 2014 tscd
650 1950 734 2036 quod
757 1949 798 2016 ad
824 1954 973 2016 naturam
996 1971 1175 2052 accommo-

167 2038 286 2117 datior,
314 2039 361 2114 et,
389 2037 445 2119 qui
468 1999 629 2119 sapientes
656 2060 723 2103 non
750 2037 829 2119 sint,
859 2058 969 2102 omnes
993 2058 1092 2121 aeque
1115 2038 1174 2102 mi·

167 2145 255 2187 seros
280 2145 358 2188 esse.
404 2122 505 2187 Stoici
527 2123 589 2189 hoc
611 2125 762 2189 videlicet
782 2086 944 2208 viderunt,
966 2125 1040 2188 illos
1064 2128 1217 2193 autemeo
1277 2191 1278 2210 ,

167 2211 200 2274 id
217 2210 348 2293 fugerat
366 2211 561 2294 superiores,
581 2210 728 2276 homines
748 2211 922 2276 sceleribus
941 2215 974 2276 et
990 2211 1175 2295 parricidiis
1277 2211 1278 2227 ¹

133 2336 138 2342 -
167 2299 351 2382 inquinatos
375 2297 477 2363 nihilo
500 2295 681 2363 miseriores
704 2320 775 2364 esse
803 2320 900 2382 quam
926 2321 994 2383 eos,
1021 2300 1175 2384 quicum

167 2390 254 2450 caste
287 2389 320 2450 et
351 2387 477 2469 integre
508 2386 667 2469 viverent,
698 2386 840 2452 nondum
871 2386 1046 2469 perfectam
1080 2386 1175 2452 illam
1232 2435 1234 2440 -
1276 2467 1277 2472 γ

116 2496 150 2546 οι
171 2474 363 2558 sapientiam
391 2477 498 2538 esseut
526 2474 696 2540 consecuti.
745 2473 851 2557 Atque
877 2473 1034 2539 hocloco
1058 2475 1174 2540 simili·
1276 2481 1277 2496 ¹

166 2562 293 2626 tudines
317 2583 386 2645 eas,
414 2562 530 2647 quibus
552 2561 659 2626 illit
622 2564 672 2626 ut1
659 2562 814 2644 isolent,
841 2560 1074 2626 dissimillimas
1097 2583 1174 2646 pro·
1188 2590 1215 2630 ιο

167 2649 301 2714 ferebas.
347 2649 427 2724 Quis
450 2650 536 2713 enim
559 2649 700 2734 ignorat,
728 2648 757 2713 si
784 2611 893 2732 plures
917 2671 955 2714 ex
981 2648 1047 2713 alto
1071 2670 1175 2714 emer·
1230 2657 1234 2665 '

167 2756 241 2818 gere
265 2729 367 2799 ¹velint
372 2737 537 2820 ,propius
559 2736 629 2800 fore
653 2757 708 2800 eos
732 2735 859 2820 quidem
881 2735 921 2799 ad
939 2737 1175 2820 respirandum,

167 2845 221 2906 qur
213 2821 279 2886 ad
299 2844 457 2923 summam
477 2845 593 2907 aquam
611 2823 679 2886 iam
697 2823 972 2906 appropinquent,
994 2824 1050 2889 sed
1066 2824 1173 2890 nihilo

167 2911 271 2994 magis
304 2909 463 2992 respirare
496 2931 591 2994 posse
623 2932 719 2995 quam
751 2932 820 2993 eos,
851 2911 906 2993 qui
939 2911 1046 2975 sint
1035 2933 1070 2976 m
1096 2933 1173 2995 pro

166 2997 286 3062 fundo?
335 2995 427 3061 Nihil
461 2999 561 3082 igitur
594 2998 725 3062 adiuvat
757 2997 929 3080 procedere
956 3001 990 3062 ct
1020 2999 1172 3084 progredi
1187 3026 1215 3066 οο

166 3087 201 3149 in
224 3085 357 3168 virtute,
380 3106 443 3168 quo
467 3085 574 3150 minus
602 3085 801 3150 miserrimus
825 3084 880 3167 sit,
907 3089 983 3148 ante
1009 3108 1107 3169 quam
1131 3087 1181 3150 adx

167 3195 238 3238 eam
264 3171 458 3256 pervenerit,
490 3173 643 3256 quoniam
673 3173 709 3236 in
736 3194 821 3256 aqua
847 3171 929 3236 nihil
959 3172 1103 3255 adiuvat,
1130 3177 1173 3256 ct,

168 3260 320 3345 quoniam
343 3259 456 3341 catuli,
479 3261 534 3344 qui
557 3260 622 3324 iam
645 3259 821 3343 dispecturi
844 3263 934 3343 sunt,
962 3261 1048 3325 caeci
1071 3281 1172 3345 aeque

168 3352 200 3411 et
226 3349 264 3429 ii,
291 3348 347 3432 qui
374 3347 470 3413 modo
497 3347 580 3431 nati,
607 3345 777 3413 Platonem
805 3367 929 3433 quoque
955 3368 1085 3413 neccsse
1113 3351 1204 3432 est„

167 3435 329 3516 quoniam¹
345 3435 488 3501 nondum
518 3434 646 3501 videbat
677 3435 882 3518 sapientiam,
914 3455 1014 3519 aeque
1043 3456 1171 3502 caecum
1187 3462 1214 3504 ss

168 3521 274 3586 animo
298 3544 335 3588 ac
357 3522 521 3589 Phalarim
544 3520 653 3587 fuisse.
