2470 3962
137 223 274 286 'xxvffl
472 227 684 283 ADNOTATIO
703 227 854 283 01111164.

157 391 293 444 bitrcutur
308 388 359 442 aut
375 389 448 456 quod
465 388 556 457 (quio)
568 389 742 442 arbitrantur
755 387 904 442 dicandum
922 388 1007 442 fuisso
1021 388 1180 458 videtur'),

157 458 229 514 Bait.
254 458 297 514 cd.
316 457 376 523 Or..
402 459 474 527 quod
493 488 526 498 -
545 459 719 513 arbitrantur
739 459 783 513 ed.
802 458 924 512 Tauchn.
962 458 1033 512 Mihi
1051 458 1126 528 quod
1146 475 1180 512 se

158 531 326 584 arbitrentur
344 544 424 597 posse
446 544 600 598 coartatae
622 529 721 584 codam
743 529 827 582 modo
850 545 902 598 pro
924 529 1010 598 quod,
1034 533 1065 583 ut
1091 531 1177 584 arbi-

157 605 281 667 trantur,
307 600 413 668 possint
439 615 593 668 copnoscsre
620 599 727 653 dictum
753 599 879 667 videtur,
912 616 968 667 quo
996 599 1069 654 solet
1094 601 1179 669 quod

157 673 263 726 diccrct.
318 669 357 724 cf.
391 668 467 724 Caes.
499 669 527 724 b.
556 668 587 723 G.
615 670 629 723 I
655 676 698 724 23.
727 677 743 724 3
775 667 909 735 Helvetii,
945 685 993 724 scu
1029 671 1100 739 quod
1136 701 1177 710 —

157 743 343 796 existimarent
371 771 418 805 -‚
449 741 505 794 sios
535 756 578 805 co,
605 741 678 809 quod
705 769 740 780 -
767 741 931 807 confiderent
962 757 1011 807 ·-,
1043 741 1178 795 lacessere

158 817 314 881 coeperunt,
340 811 406 865 bell.
429 810 507 864 Alex.
535 815 578 866 26.
603 818 619 865 6
648 810 702 865 Oui
727 811 880 866 subsidium
906 827 982 864 acmo
1009 812 1087 876 tulit,
1112 813 1178 864 siae

157 883 230 952 quod
246 883 356 952 inipso
373 882 442 935 satis
457 881 593 949 praesidii
608 885 771 949 putarent
789 897 854 949 csse,
878 883 933 935 siae
950 882 1023 950 quod
1041 883 1098 950 ipsi
1114 883 1177 935 sibi

158 953 320 1019 timebant,
344 950 403 1005 Cic.
419 950 454 1004 ds
474 967 512 1004 or.
535 951 548 1004 Ι
567 957 610 1006 20.
622 957 663 1008 ,31
682 953 830 1020 inquibus
848 953 943 1018 etiam,
966 953 1023 1006 sire
1040 953 1087 1007 dte
1104 953 1176 1006 irri-

157 1024 236 1090 dens,
258 1023 313 1078 sioc
335 1022 407 1090 quod
428 1023 471 1076 ita
490 1026 604 1090 putaret
625 1027 706 1090 atquc
729 1023 772 1076 ita
794 1023 926 1087 audisset,
948 1037 988 1076 mc
1002 1023 1176 1092 proferebat,

158 1093 235 1150 Caes.
258 1093 285 1146 b.
311 1091 363 1146 civ.
386 1092 413 1145 Π
435 1096 477 1146 30.
500 1097 514 1144 1
537 1090 632 1146 Erant
654 1094 814 1158 sentcntiae,
841 1109 910 1160 quac
932 1093 1089 1147 conandum
1111 1108 1176 1147 cen-

157 1168 257 1229 serent,
279 1164 351 1232 quod
374 1192 408 1200 -
431 1162 650 1227 arbitrarentur,
674 1161 730 1216 Cic.
754 1162 810 1216 div.
834 1163 921 1216 1120.
940 1168 975 1217 46
999 1165 1072 1231 quod
1090 1164 1173 1217 intei-

158 1237 254 1303 icpercs
278 1264 325 1298 -,
347 1233 435 1287 mutto
457 1233 539 1287 acrba
560 1233 663 1299 fecisti,
689 1232 749 1287 Liv.
772 1232 812 1287 VI
834 1239 859 1288 2.
878 1239 895 1287 3
918 1233 1017 1304 quibus
1045 1234 1080 1289 ab
1109 1249 1174 1288 con-

157 1309 273 1371 temptu,
295 1304 472 1373 6666166666
495 1319 597 1357 omnem
620 1304 732 1358 6161616666
750 1305 914 1358 iuventutem
931 1304 1082 1370 crederent,
1105 1320 1172 1373 pro

157 1376 241 1442 fectis.
285 1373 340 1443 Qui
365 1375 460 1427 autem
482 1389 535 1442 pro
557 1375 631 1442 quod
657 1373 792 1442 scriptum
819 1374 849 1427 in
876 1372 956 1428 codd.
985 1375 1050 1428 cum
1078 1391 1172 1443 saepe,

156 1448 218 1499 tum
231 1462 260 1513 p.
274 1449 334 1498 256.
350 1449 374 1497 2.
391 1443 468 1496 —P.
484 1444 668 1514 26639uin
684 1461 718 1498 ac
734 1447 772 1509 (tc
785 1445 821 1511 Ε)
834 1445 933 1498 batiae
950 1445 1060 1513 quidem
1078 1446 1172 1511 codd,

157 1515 244 1583 Bait,
278 1515 322 1568 Nc
345 1514 407 1568 test.
431 1515 506 1582 quid.
530 1513 622 1568 Madv.
651 1545 685 1556 -
712 1512 743 1567 P.
766 1521 826 1570 260.
851 1521 867 1569 8
889 1515 1029 1584 parandis
1051 1515 1124 1568 Bait.
1153 1531 1173 1568 a

157 1584 256 1642 Nonio.
277 1616 310 1624 -
329 1584 359 1638 P.
374 1589 434 1640 260.
455 1590 487 1638 21
504 1585 613 1653 possint
630 1585 708 1651 Era,
727 1584 809 1652 Bait,
824 1590 942 1653 possunt
959 1585 1055 1653 codd,
1074 1585 1171 1640 Madv.

157 1656 236 1711 idem
258 1655 390 1710 mendum
420 1658 464 1710 cst
490 1655 521 1708 in
546 1654 625 1710 codd.
675 1697 681 1708 .
705 1660 766 1710 261.
790 1662 806 1710 6
834 1656 863 1708 et
885 1654 1056 1725 saepissime.
1082 1688 1116 1697 --
1139 1657 1171 1708 P.
1230 1677 1231 1698 2

158 1733 219 1782 260.
239 1731 273 1781 29
296 1727 447 1782 maioribus
473 1728 582 1781 minora
604 1725 633 1779 M
670 1743 711 1791 v.‚
735 1727 886 1780 maioribus
910 1727 1063 1780 mucoribus
1088 1725 1169 1781 codd.

157 1798 226 1867 ΒΕ,
248 1798 358 1851 minora
380 1797 530 1852 maioribus
547 1796 623 1865 vulg.
643 1826 677 1836 -
695 1795 725 1849 P.
745 1801 805 1850 261.
821 1801 855 1850 30
878 1801 917 1850 cst
938 1795 1030 1850 Madv.
1058 1797 1102 1851 ed.
1122 1797 1170 1864 ΙΙΙ,

158 1886 212 1923 om.
228 1868 308 1923 codd.
324 1867 388 1935 ΒΕ,
406 1869 443 1922 sit
460 1867 535 1935 vulg.
556 1897 588 1905 —-
608 1866 638 1920 P.
657 1873 717 1919 261.
733 1872 767 1920 36
787 1871 902 1920 consent.
921 1872 987 1921 sunt
1005 1866 1086 1921 codd.
1105 1867 1169 1934 ΒΕ,

157 1938 265 2005 Madv,
282 1942 348 1992 suut
366 1952 436 1992 cons.
456 1936 536 1991 codd.
557 1935 627 2004 (166,
646 1935 718 1990 Bait.
738 1967 773 1978 -—
791 1937 820 1990 P.
837 1943 896 1992 262.
911 1942 928 1990 2
946 1953 1067 2006 quaeque
1084 1938 1170 2006 sioni-

157 2010 273 2075 ficcntur
290 2007 384 2061 Madv.
399 2005 510 2129 script,
529 2005 600 2060 coni.
616 2008 710 2060 autem
724 2023 843 2075 quaeque
858 2008 1048 2076 sipuiticcutur
1060 2024 1171 2062 coruos

158 2078 310 2142 vocabulis,
333 2078 391 2145 opt.
415 2093 448 2131 co
470 2076 496 2129 d
519 2092 639 2146 quaeque
660 2078 717 2131 siut
733 2079 848 2131 notitiae
865 2093 986 2146 quaeque
1007 2079 1170 2146 sipnificcnt,

158 2149 230 2202 Bait.
254 2146 399 2201 Davisinm
422 2148 533 2200 secutus
556 2148 705 2216 quibusque
731 2148 926 2216 sipnipicrntur.
950 2178 986 2188 -
1007 2148 1037 2202 P.
1059 2154 1119 2202 262.
1136 2155 1170 2202 24

157 2220 240 2273 buius
258 2235 273 2270 6
291 2217 385 2271 Madv.
406 2216 476 2271 coni.
491 2215 564 2271 Bait.
580 2249 613 2256 —
626 2217 657 2273 P.
677 2223 737 2274 262.
751 2222 785 2272 28
804 2218 869 2289 [iu]
888 2219 1049 2287 tcpcndoprte
1066 2219 1168 2287 Madv,

158 2291 190 2342 iu
208 2287 260 2342 del.
280 2286 364 2354 Bait.;
383 2287 438 2341 vid.
458 2287 495 2342 ad
517 2305 545 2356 p.
565 2294 605 2344 1o.
626 2293 668 2342 20.
688 2319 723 2328 -
739 2288 770 2341 P.
785 2293 846 2343 263.
861 2294 895 2342 30
914 2289 986 2356 quod
1004 2288 1086 2343 codd.
1105 2289 1169 2356 ΒΕ,

158 2358 266 2426 Madv„
285 2374 338 2427 auo
356 2357 412 2413 det.
431 2357 526 2423 codd,
543 2358 617 2412 Bait.
631 2389 667 2398 -—
680 2359 710 2412 P.
727 2364 787 2414 264.
805 2364 838 2412 10
854 2359 953 2424 fundet
970 2375 998 2413 sc
1016 2358 1097 2414 codd.
1113 2359 1167 2426 ΒΕ,

158 2428 265 2497 Madv,
287 2444 315 2482 66
336 2428 434 2495 fundet
456 2427 537 2483 codd.
562 2427 632 2496 (166,
655 2427 740 2494 Bait.;
764 2444 818 2482 usu
841 2445 894 2482 om.
918 2429 986 2496 ΒΕ,
1012 2429 1076 2484 secl.
1096 2430 1167 2482 Bait.

157 2531 193 2540 -
219 2499 249 2553 P.
269 2505 329 2554 264.
359 2505 392 2554 32
416 2504 496 2569 atque
518 2515 611 2554 acrore
635 2515 688 2553 om.
714 2499 744 2552 in
770 2500 890 2566 utraque
918 2499 961 2553 ed.
985 2499 1057 2552 Bait.
1081 2529 1116 2540 -
1138 2499 1168 2552 P.

157 2575 217 2625 264.
233 2576 267 2624 36
285 2585 334 2624 uec
352 2571 432 2626 codd.
453 2572 524 2638 666,
542 2585 627 2639 nsque
643 2569 751 2638 Madv,
772 2569 844 2623 Bait.
863 2600 899 2610 -
917 2570 947 2623 P.
963 2575 1023 2624 266.
1040 2575 1074 2622 14
1092 2575 1168 2624 utcu

158 2645 196 2694 tcs
217 2642 246 2694 ct
268 2645 400 2708 tauquam
422 2641 476 2694 del.
501 2639 587 2706 Bait,
610 2644 761 2706 sequuntur
784 2640 906 2710 [utentes
927 2640 1085 2711 tamquam]
1103 2642 1169 2695 duce

157 2711 250 2764 Madv.
265 2739 299 2750 -
313 2708 344 2762 Ρ.
360 2715 419 2763 266.
435 2717 451 2765 8
465 2711 579 2775 fecerint
591 2708 702 2775 bamb„
720 2709 793 2762 Bait.
808 2709 850 2763 ed.
867 2708 927 2776 Or.,
945 2707 1048 2778 Madv,
1068 2713 1170 2780 aperiat

158 2779 253 2844 codd,
271 2781 382 2833 iecerint
396 2778 502 2846 (11166,
515 2778 587 2832 Bait.
602 2778 645 2832 ed.
663 2778 786 2832 Tauchn.
802 2810 835 2819 -
849 2779 879 2833 P.
895 2785 954 2834 266.
971 2786 1004 2834 13
1018 2781 1168 2847 fateantur,

157 2850 233 2919 quod
247 2847 391 2918 Madvigio
410 2864 519 2917 quoquo
537 2848 568 2902 in
580 2850 703 2902 mentam
716 2848 802 2917 vonit,
820 2865 876 2904 non
894 2849 1021 2904 dubitavi
1040 2851 1166 2918 scribere,

156 2920 316 2987 fatebantur
339 2919 399 2974 cod.
423 2920 495 2973 Bet
513 2919 596 2987 dett,
618 2917 704 2987 Bait,
728 2919 850 2986 fatentur
873 2921 934 2976 cod.
952 2921 989 2989 Ε,
1012 2920 1119 2987 Madv.;
1141 2940 1165 2974 v.

157 2989 244 3058 adp.
269 2993 310 3043 68.
333 2995 366 3043 14
389 2991 459 3056 (381.
481 2989 532 3057 15).
557 3019 592 3030 -
613 2987 645 3041 Ρ.
665 2995 725 3044 266.
746 2995 779 3043 14
806 2991 953 3046 honestatis
979 3005 1045 3045 esse
1067 2991 1165 3061 Madv,

157 3075 211 3115 csse
232 3064 339 3114 tantam
360 3060 416 3113 airu
438 3061 474 3127 (v.
496 3062 539 3128 13)
562 3057 634 3112 Bait.
659 3058 702 3112 ed.
726 3059 849 3114 Tauchn.
868 3061 951 3116 -Ρ,
971 3066 1032 3116 266.
1052 3067 1087 3116 34
1110 3079 1165 3130 sqq.

157 3133 293 3200 quaeruut
315 3159 350 3170 -
372 3129 472 3184 bataet
492 3159 528 3170 -··
550 3129 647 3183 diaron
669 3129 780 3195 bamb„
805 3130 891 3197 Bait,
916 3136 1105 3199 quaerant-
1120 3133 1165 3186 ba·
1226 3127 1227 3134 '

158 3203 239 3256 beaut
256 3229 290 3241 -
309 3201 405 3254 dicant
423 3198 517 3266 codd,
537 3215 600 3252 oum
619 3215 700 3254 cruce
718 3201 824 3269 Madv,
843 3200 888 3255 cui
908 3201 968 3255 ‘tor
985 3201 1166 3256 indicativum

156 3284 291 3340 reponere
322 3269 414 3324 audax
440 3268 570 3324 videtur!
595 3300 631 3312 ·-
653 3270 683 3324 P.
707 3277 766 3324 266.
790 3276 825 3325 36
848 3288 887 3340 sq.
911 3272 1057 3326 dumtaxat
1081 3275 1165 3338 pauo

158 3341 238 3396 codd.
256 3340 326 3407 ΒΕ,
344 3339 451 3407 Madv„
470 3341 563 3408 prino
581 3341 665 3395 dumi.
685 3341 740 3395 dst.
769 3341 862 3409 codd,
888 3340 961 3396 Bait.
980 3371 1015 3410 -ς
1032 3342 1063 3396 Ρ.
1078 3349 1163 3398 2611

156 3411 265 3476 faciant
286 3410 365 3478 Em„
388 3409 474 3478 Bait,
496 3411 606 3478 saciant
629 3410 723 3478 codd„
747 3409 855 3474 Modra
878 3430 904 3467 v.
924 3412 962 3466 ad
986 3431 1013 3482 p.
1035 3418 1114 3467 613.
1133 3445 1163 3453 -

157 3480 187 3534 Ρ.
202 3485 262 3534 261.
278 3486 312 3534 36
330 3481 372 3535 ita
389 3497 442 3550 pro
459 3482 515 3535 ista
532 3479 605 3536 Bait.
620 3480 650 3534 in
667 3482 786 3548 utraque
805 3481 1003 3550 editinvitus,
1023 3483 1113 3538 credo.
1131 3514 1163 3525 ·-

156 3549 186 3604 P.
202 3555 262 3606 269.
279 3556 311 3604 11
327 3551 431 3607 aborret
445 3550 556 3620 scripsi,
575 3550 673 3606 habeat
686 3550 780 3619 codd,
799 3553 879 3606 obeat
891 3552 994 3622 Madv,
1013 3557 1096 3621 †cur
1107 3557 1163 3612 ton-

1221 3592 1226 3708 1
