2502 3960
135 111 177 176 86
418 94 441 140 ·'
523 113 749 170 raucarum
861 121 863 126 ·

135 273 198 357 cipi
229 274 347 358 possit,
379 275 587 340 vehementer
620 277 791 342 adsentior.
841 275 970 362 Habeo,
1001 279 1159 364 inquam,
1239 299 1240 304 ’

135 363 329 427 sententiam
355 368 446 428 tuam
475 385 534 429 nec
567 385 639 429 eam
667 365 839 430 admodum
866 387 1028 450 aspernor.
1083 365 1159 432 Sed

133 449 196 515 tibi
219 451 295 534 quid
318 452 451 517 tandem
469 452 610 536 videtur,
632 451 810 518 Hortensi?
846 453 928 520 Tum
946 455 1002 519 ille
1021 455 1158 520 ridens:

67 615 70 619 ,
134 536 336 604 Tollendum.
381 540 488 606 Teneo
512 544 559 624 te,
589 542 736 626 inquam3
762 564 839 606 nam
862 543 927 607 ista
948 543 1157 609 Academiae

134 630 185 692 est
212 627 346 712 propria
374 628 543 694 sententia.
587 628 639 694 Ita
669 649 815 694 sermone
838 631 985 696 confecto
1008 629 1189 698 Catuluss

134 717 303 799 remansit,
325 738 386 781 nos
410 717 451 781 sd
472 717 638 782 naviculas
661 722 791 783 nostras
815 718 1045 785 descendimus.
1111 739 1115 744 ·

533 930 745 938 ῃ...-

321 1065 372 1168 'o
452 1104 825 1184 FRAGMENTA

289 1277 645 1347 AOADEMIOORUM
666 1279 986 1367 Posrualoaum

568 1437 667 1492 LIBRI
683 1439 705 1493 Ι.

203 1547 231 1612 1.
254 1547 378 1630 Nouius
394 1549 497 1632 add.
517 1551 557 1612 11
578 1543 762 1630 Diytadc‘ari
783 1547 898 1612 dictum
920 1553 965 1614 est
985 1549 1150 1616 dissentire
1166 1575 1198 1615 m
1239 1549 1240 1582 ³

133 1641 163 1702 et
192 1637 349 1714 dissidere,
381 1637 497 1701 dictum
530 1657 551 1700 a
578 1636 703 1718 piudiis.
757 1633 859 1702 Cicero
892 1637 1150 1704 Academicorum
1239 1643 1240 1646 ’

135 1725 184 1790 aa
211 1723 249 1789 I:
287 1723 370 1800 Quid
405 1728 514 1789 autem
546 1723 767 1789 stomachatur
798 1723 1031 1790 Mnesarchus?
1068 1727 1149 1810 quid

134 1812 307 1898 Antipater
329 1812 527 1896 digladiatur
550 1833 622 1876 cum
644 1809 809 1876 Carneade
831 1816 883 1876 tot
905 1813 1149 1879 voluminibus?

200 1901 230 1964 2,
253 1901 336 1966 Nou.
351 1921 384 1982 p.
402 1903 453 1966 43.
475 1904 520 1966 28
542 1899 631 1964 Idem
653 1901 688 1964 iu
705 1900 899 1966 Academicis
922 1901 972 1966 tib.
995 1901 1033 1967 I:
1069 1901 1149 1978 Qui-

135 2010 208 2053 cum
240 1987 454 2053 similitudine
486 1987 577 2052 verbi
608 1987 784 2106 tconcinere
822 1989 960 2054 maxime
998 1990 1061 2054 sibi
1097 1991 1148 2056 vi·
1163 2016 1192 2057 15
1239 2049 1240 2052 ,

135 2077 271 2141 deretur.

562 2194 661 2250 LIBRI
679 2197 713 2252 11.
763 2223 765 2227 ·

201 2307 230 2372 3.
254 2305 336 2372 Nou.
355 2325 387 2389 p.
411 2307 460 2372 65.
483 2310 525 2372 18
551 2305 676 2388 Aequor
697 2305 736 2370 ab
758 2326 854 2388 aequo
875 2311 906 2370 ct
920 2307 1019 2389 ptam
1041 2304 1149 2374 Oiccro

133 2396 387 2462 Academicorum
419 2394 470 2460 let.
496 2393 543 2458 II
580 2393 759 2459 uocatutum
789 2396 936 2477 accepisse
966 2395 1148 2478 coufirmat:

135 2484 220 2563 Quid
246 2489 314 2548 tam
341 2484 476 2568 planum
503 2482 631 2548 videtur
658 2504 755 2566 quam
777 2482 890 2548 mare?
919 2503 1021 2568 equo
1045 2485 1147 2549 etiam
1162 2510 1190 2550 so

135 2595 255 2658 aequor
277 2572 357 2637 illud
378 2575 494 2656 potitae
517 2573 644 2637 vocant.

200 2662 231 2724 4.
254 2660 336 2726 Neu.
364 2681 396 2740 p.
420 2665 469 2725 69.
494 2664 514 2725 6
540 2659 709 2724 Adamare.
758 2658 863 2726 Oicero
891 2659 1146 2726 Academicorum

135 2750 185 2816 aa
207 2747 265 2812 11:
317 2747 379 2824 Qui
407 2748 493 2813 eninr
520 2748 622 2812 serius
650 2747 790 2814 honores
819 2749 1065 2834 adamaverunt,
1092 2751 1148 2817 vix

134 2837 351 2902 admittuntur
375 2835 414 2900 ad
438 2857 493 2902 eos
516 2857 574 2902 nec
598 2837 678 2900 satis
705 2836 920 2902 commendeti
943 2837 1146 2902 multitudini

133 2928 271 3012 possunt
293 2945 372 2990 esse.
1162 2951 1190 2992 ss

201 3014 231 3080 5.
254 3013 512 3096 Nm.p.104.1
533 3013 697 3096 Eupouere
713 3033 774 3094 pro
796 3013 933 3095 exempta
956 3013 1028 3078 boui
1050 3019 1147 3080 osteu-

134 3109 207 3170 tare.
233 3159 235 3162 .
258 3100 361 3168 Cicero
384 3102 577 3167 Academicis
600 3102 649 3166 tria
677 3100 736 3165 II:
772 3099 935 3186 Frangere
965 3103 1149 3185 avaritiam,

136 3192 257 3257 scelera
282 3211 414 3274 ponere,
441 3190 542 3254 vitam
574 3211 667 3254 suam
695 3210 853 3273 exponere
882 3189 922 3253 ad
953 3189 1149 3254 imitandum

135 3279 303 3346 iuventuti.
610 3334 612 3339 s

202 3369 231 3434 6.
250 3367 333 3432 Nou.
346 3387 379 3449 p.
396 3369 468 3432 121.
482 3369 523 3430 31
541 3364 642 3431 Hebes
653 3366 792 3447 positum
805 3385 865 3448 pro
884 3365 1007 3430 ctsmro
1025 3371 1082 3431 aut
1101 3368 1149 3433 ob·
1163 3393 1189 3435 u

132 3461 210 3522 auo.
256 3452 359 3521 Cicero
377 3453 522 3518 Academ.
546 3453 596 3519 tib.
619 3453 678 3519 Il:
702 3452 808 3529 Quid?
831 3453 926 3519 lunae
947 3475 1030 3538 quae
1052 3454 1150 3522 linia-
1239 3471 1240 3476 ’
