2502 3960
162 179 207 244 ιι
532 161 801 231 maurensem

162 353 264 418 operae
291 336 322 390 ιι
345 353 379 391 ιι
401 337 563 406 ιιιιιιιιιι
584 337 697 418 putant,
723 351 848 406 pugnare
871 335 919 390 vix
948 351 1017 404 opus
1045 334 1094 403 sit,
1125 351 1178 390 eos

161 408 282 464 maxime
300 406 425 474 refellat,
445 424 494 477 qur
485 407 622 463 Graeca
619 405 733 476 scripta
749 406 843 476 legere
859 404 973 474 malint,
991 404 1091 460 Latine
1109 422 1178 461 oon·
1248 407 1249 440 ³

161 495 242 533 versa
259 477 351 532 nolint
368 481 439 548 (cap
460 485 514 532 1-
481 479 557 546 -.3)
595 477 631 531 Se
648 493 729 545 vero,
755 492 838 545 quem
857 476 894 530 ad
911 477 1026 531 modum
1044 475 1112 531 olim
1131 477 1178 530 rei

161 548 291 630 pnhlioae
305 565 349 603 res
368 548 490 618 gerendo
504 565 562 602 non
580 547 713 630 defuerit,
732 547 772 601 ιιι
786 562 859 600 nunc
876 545 1013 628 neglectis
1031 545 1176 602 obtrecta·
1225 577 1227 582 ·

160 619 271 674 toribus
290 618 511 686 elaboraturum,
534 621 567 673 ιιι
583 617 658 673 ciues
678 618 734 672 sint
752 633 846 688 opera
857 634 908 672 sua
927 616 1075 672 doctiores.
1112 617 1177 671 Neo

163 689 315 759 quidquam
338 705 411 757 esse,
435 689 510 758 quod
532 689 627 758 potius
650 688 770 744 scribere
793 688 909 756 debeat,
938 703 1022 757 quam
1040 687 1153 756 haec,'
1144 706 1178 742 m

163 760 264 830 quibus
287 759 465 830 gravissima,
489 776 560 829 quae
578 759 788 830 philosophiam
807 757 964 828 contineat,
989 758 1118 840 quaestio
1138 758 1176 812 ‹le

163 847 270 886 summo
298 830 372 886 bono
400 831 589 913 pertractetur
616 833 686 900 (cap.
715 833 751 901 4).
797 829 836 884 ιιι
862 831 958 884 autem
986 845 1003 884 a
1029 828 1176 884 facillimis

68 905 71 910 '
163 902 302 967 ordiatur,
321 901 356 956 ab
375 901 496 970 Epicuro
514 901 627 956 initium
645 901 727 968 facit,
746 893 824 954 ouius
843 899 1023 969 disciplinam
1041 901 1176 954 accurate
1248 913 1249 918 ’

163 973 305 1040 quondam
323 989 341 1026 a
358 972 389 1027 Ιι
409 973 565 1040 Torquato,
585 971 695 1026 cumG.
714 970 838 1025 Triarius
857 971 982 1038 adesset,
1001 970 1077 1039 apud
1096 985 1125 1023 se
1144 969 1176 1024 in
1248 1005 1249 1010 κ

163 1043 286 1098 Cumano
305 1041 463 1111 expositum
482 1058 541 1098 esse
559 1043 656 1096 ιιιιιι
674 1043 704 1096 ιι
721 1043 819 1096 ιοιιιι
832 1057 897 1096 eam
910 1058 927 1096 a
941 1057 971 1095 se
990 1040 1174 1110 disputatum.

162 1113 236 1168 Nam
255 1129 318 1194 cum
335 1113 495 1180 Torquatus
513 1129 528 1166 e
548 1111 679 1167 Cicerone
700 1111 865 1180 quaesisset,
890 1127 962 1179 quae
988 1113 1063 1165 esret
1081 1127 1174 1178 causa,
1248 1117 1249 1124 ’

163 1201 212 1238 our
229 1180 321 1238 minus
339 1183 491 1252 Epicurum
508 1183 653 1253 probaret,
673 1182 768 1237 Cicero
789 1181 912 1236 breviter
928 1198 1040 1236 omnem
1058 1153 1175 1263 Epicuri

161 1252 371 1335 philosophiam
393 1253 433 1307 ιιι
454 1253 605 1322 percurrit,
629 1256 661 1306 ut
684 1253 872 1320 demonstret,
895 1251 994 1320 quid'
986 1269 1016 1306 ιι
1039 1251 1174 1322 physicis,
1248 1291 1249 1296 1

99 1356 103 1364 ·
163 1322 332 1392 dialecticis,
356 1323 456 1378 ethicis
479 1323 538 1378 eius
562 1295 702 1378 desideret
720 1327 749 1378 et
771 1323 962 1405 reprehendat
983 1325 1054 1392 (cap.
1074 1329 1131 1377 6-
1097 1327 1174 1392 -.7)

161 1393 360 1449 Defensionem
382 1394 498 1464 Epicuri
525 1395 683 1462 Torquatus
711 1393 828 1464 suscipit
854 1396 884 1448 et
910 1393 1047 1448 ceteris
1037 1411 1068 1447 ιι
1095 1393 1175 1448 aliud

161 1468 273 1534 tempus
286 1464 398 1520 reiectis
412 1465 471 1520 eius
486 1465 521 1520 de
536 1481 643 1520 summo
658 1465 732 1519 bono
747 1463 916 1519 sententiam
930 1464 1053 1534 explicat
1071 1480 1133 1534 cap.
1149 1471 1175 1520 8.

162 1535 285 1618 Exponit
306 1535 394 1606 igitur
411 1535 525 1616 Epicuri
538 1535 657 1590 formam
671 1535 792 1590 docendi
805 1551 924 1603 sequens
939 1539 969 1590 et
982 1551 1065 1604 saepe
1079 1535 1176 1589 verbis

163 1606 222 1662 eius
240 1609 322 1661 utens
345 1622 426 1661 omne
449 1606 554 1662 animal
579 1623 596 1660 a
622 1606 713 1675 primo
732 1607 796 1660 ortu
813 1608 915 1660 natura
932 1607 1107 1676 voluptatem
1125 1622 1178 1675 ap-

162 1679 273 1747 pe,tere
296 1677 423 1732 dolorem
446 1692 591 1747 respuere,
614 1679 647 1731 ut
665 1680 802 1746 appareat
824 1676 905 1730 illam
922 1692 973 1746 per
992 1693 1021 1730 se
1040 1678 1177 1745 expetan-

163 1747 240 1816 dam,
263 1748 338 1802 hunc
360 1748 532 1803 reiciendum
555 1764 615 1802 esse
639 1749 710 1817 (cap
730 1749 765 1814 9).
809 1746 865 1802 Sed
882 1746 925 1801 ita
942 1747 1057 1828 probari
1074 1747 1177 1816 volup-

161 1821 264 1887 tatem,
282 1818 437 1888 improbari
454 1819 592 1886 dolorem,
615 1819 649 1872 ut
670 1818 789 1873 dilectus
815 1817 961 1872 faciendus
980 1817 1017 1872 sit
1042 1819 1071 1872 et
1088 1833 1176 1887 saepe

162 1890 323 1958 voluptates
340 1888 619 1971 praetermittendae,
638 1905 673 1942 ne
692 1889 812 1944 maiores
830 1888 943 1943 dolores
957 1889 1176 1957 consequantur,

163 1963 192 2013 et
215 1959 327 2014 dolores
350 1961 379 2014 et
407 1960 533 2029 pericula
555 1960 700 2015 subeunda
722 1958 860 2014 maiorum
883 1959 1062 2028 voluptatum
1088 1975 1177 2014 causa

163 2033 235 2098 (cap
255 2033 308 2099 10).
350 2029 443 2101 Volup
444 2032 533 2085 tatem
556 2032 652 2084 autem
674 2030 709 2084 ab
733 2030 855 2111 Epicuro
877 2029 1007 2100 intellegi
1028 2045 1085 2084 nou
1110 2045 1174 2083 eam

163 2100 252 2154 solam
258 2116 355 2169 ,quae
374 2117 470 2156 sensus
487 2102 568 2155 motu
585 2101 708 2169 quodam
725 2099 836 2168 titillet,
855 2100 905 2154 sed
923 2101 1074 2156 maximam
1091 2099 1176 2154 illam
1248 2169 1249 2172 Ἴ

162 2170 268 2240 putari,
293 2186 364 2239 quae
391 2170 563 2241 percipiatur
585 2171 661 2226 omni
692 2171 788 2226 dolore
810 2173 921 2225 remoto
946 2170 1176 2241 (cap‚11).1n

162 2243 216 2295 hac
240 2257 301 2296 esec
324 2259 463 2296 summum
486 2241 588 2322 bonum
612 2241 696 2296 facile
721 2241 849 2310 intellegi
876 2258 959 2310 posse
987 2241 1080 2310 posita
1106 2243 1175 2296 ante

163 2310 290 2366 oculos
281 2312 403 2382 imagine
427 2330 489 2366 oum
512 2312 585 2379 eius,
613 2311 661 2380 qui
688 2312 815 2394 omnibus
843 2311 1035 2382 voluptatibus
1063 2312 1177 2366 fruatur
1248 2345 1249 2356 ι

161 2382 240 2436 nulla
258 2398 288 2436 re
306 2382 491 2452 impediente,
509 2386 571 2436 tum
589 2382 648 2436 eius
655 2382 730 2452 ,qui
746 2383 777 2436 in
795 2399 903 2436 summo
924 2382 1029 2437 doloris
1047 2382 1177 2438 cruciatu

162 2452 207 2508 sit.
248 2455 347 2522 Itaque
370 2471 509 2508 summum
532 2453 718 2508 essebonum
745 2452 866 2507 iucunde
893 2453 990 2508 vivere
1018 2455 1089 2522 (cap
1119 2457 1175 2524 12)

161 2523 288 2579 Virtutes
311 2525 406 2580 autom
428 2541 485 2580 non
506 2539 557 2593 per
580 2540 608 2578 se
631 2522 738 2593 expeti,
762 2524 812 2578 sed
835 2524 911 2592 quod
928 2524 1019 2578 multa
1043 2524 1177 2606 adferant

162 2596 199 2648 ad
221 2595 340 2677 iucunde
364 2597 393 2649 et
414 2595 565 2663 tranquille
589 2594 752 2660 ιιιιιιιιιιις
775 2592 806 2647 id
829 2593 913 2648 facile
935 2593 1058 2664 perspici
1080 2595 1111 2648 in
1130 2610 1176 2649 sa·
1248 2621 1249 2624 ι

161 2665 270 2747 pientia
292 2665 350 2720 sive
377 2665 527 2734 prudentia
549 2665 607 2730 (ribi
638 2665 724 2718 etiam
747 2663 935 2733 cupiditatum
958 2665 1060 2720 divisio
1088 2665 1176 2720 attin·

162 2735 263 2806 gitur),
286 2737 487 2806 temperantia,
509 2734 688 2818 fortitudine,
710 2734 820 2790 iustitia
842 2737 925 2817 (cap.
939 2741 1012 2792 13-
979 2737 1072 2804 -.16)
1117 2736 1176 2791 Vo·

161 2807 255 2888 luptat
256 2822 301 2860 em
324 2807 354 2861 et
376 2807 502 2862 dolorem
526 2805 650 2861 animia
674 2821 790 2887 corpore
813 2805 893 2876 oriri,
921 2822 973 2862 nec
995 2807 1093 2861 tamen
1115 2823 1177 2862 nou

160 2877 251 2932 maius
270 2894 330 2932 esse
349 2877 439 2933 multo
456 2895 475 2930 u
476 2879 605 2945 rumtque
623 2875 765 2932 inanimo
781 2893 875 2944 quam
892 2877 923 2931 in
930 2893 1073 2960 corpore,
1097 2878 1176 2946 quod

161 2949 216 3004 hoc
233 2947 389 3018 praesentis
405 2948 495 3003 solum
512 2947 648 3016 teinporis
666 2947 808 3016 particeps
823 2946 873 3016 sit,
892 2946 1001 3002 animus
1018 2948 1177 3016 praeterita
1208 2971 1209 2975 ¹
1247 2989 1249 3028 ι

160 3019 332 3101 meminerit,
350 3019 445 3074 futura
463 3018 608 3087 exspectet
620 3019 691 3100 (cap
707 3020 759 3088 17)
788 3017 852 3073 Non
870 3033 952 3088 posse
970 3018 1133 3073 iucunde'
1105 3019 1176 3088 ιιιι,
1248 3043 1249 3048 ’

160 3089 216 3144 nisi
232 3091 362 3158 honeste,
380 3105 432 3144 neo
450 3089 581 3156 honeste,
599 3087 655 3142 nisi
670 3088 799 3144 iucunde.
828 3088 933 3170 Sedato
952 3088 1065 3144 demum
1079 3089 1176 3145 animo
1248 3141 1249 3148 ,

161 3160 321 3230 sedatisque
334 3159 538 3242 cupiditatibus
553 3160 583 3213 ιι
595 3159 749 3214 terroribus
762 3158 888 3214 beato
860 3158 920 3214 ιιιι
932 3175 1015 3228 ιοιιι
1030 3161 1104 3229 (cap
1119 3162 1175 3229 18).
1248 3179 1249 3182 ¹

163 3231 261 3299 ltaque
281 3229 437 3312 rapientem
449 3245 559 3298 semper
578 3245 638 3312 esse
662 3229 790 3298 beatum,
808 3229 939 3284 fortunae
957 3231 1096 3298 potestati
1117 3247 1176 3286 non
1242 3271 1249 3288 -,

159 3301 279 3356 multum
294 3300 458 3356 subiectum.
484 3299 605 3356 Dialect
584 3300 648 3362 trois
662 3299 829 3372 Epicurum
825 3316 883 3355 non
895 3299 1016 3356 multum
1030 3301 1174 3368 tribuisse,
1248 3311 1249 3314 ’

159 3373 236 3440 quod
250 3387 284 3426 ea
298 3372 336 3426 ad
353 3372 436 3428 beate
445 3359 602 3427 vivendum
616 3371 710 3426 essent
727 3363 852 3439 inutilia,
871 3370 994 3453 physicis
1012 3370 1176 3441 plurimum,
1248 3377 1249 3424 ἶ

160 3443 236 3510 quod
253 3440 404 3498 utilissima
423 3445 516 3498 essent
533 3445 605 3512 (cap
626 3443 679 3511 19).
722 3441 868 3496 Postremo
888 3440 1044 3496 amicitiam
1050 3459 1176 3513 ,·quam
1248 3481 1249 3504 2

159 3527 244 3580 quam
265 3529 322 3569 non
344 3512 429 3568 nullis
451 3512 516 3568 tolli
543 3511 673 3567 uideatur
695 3511 809 3582 Epicuri
837 3511 979 3582 doctrina,
1006 3515 1105 3569 tamen
1128 3513 1177 3570 vel
