2564 3950
188 171 253 238 308
384 169 683 244 TUSCULANARUM
700 168 1002 226 DISPUTATIONUM
1028 251 1033 258 .

188 338 298 400 autem
326 334 419 398 abest
450 333 491 398 ab
520 354 572 415 eo,
602 337 639 396 ut
666 332 787 396 malum
815 353 903 398 mors
932 331 989 412 sit,
1020 331 1108 418 quod
1138 332 1199 398 tibi

188 423 309 488 dudum
331 421 514 504 uidebatur,
537 425 574 486 ut
596 442 721 503 verear,
746 441 787 486 ne
809 420 935 486 homini
958 420 1042 486 nihil
1065 421 1111 485 sit
1134 443 1199 486 ιιοιι

188 511 310 576 malum
338 509 438 586 uliud,
466 512 553 574 certe
580 509 623 573 sit
644 508 726 574 nihil
748 507 870 574 bonum
893 508 981 574 aliud
1003 508 1130 592 potius,
1159 509 1199 574 si

189 598 319 684 quidem
339 598 393 664 vel
414 596 447 662 di
470 597 533 681 ipsi
555 597 608 661 vel
631 618 703 662 cum
726 596 775 660 dis
798 595 900 662 futuri
923 618 1042 662 sumus.

255 687 308 752 Α.
324 685 407 762 Quid
430 685 552 753 refert?
889 725 892 732 ·
1213 711 1225 750 ι
1255 733 1260 736 -

255 781 301 840 Μ.
319 774 448 838 Adsunt
462 773 557 856 enim,
577 773 633 856 qui
644 774 724 837 haec
737 795 801 839 ιιοιι
821 772 968 856 probent.
996 771 1069 858 Ego
1089 777 1200 848 autem

189 883 363 946 numquam
390 862 478 927 itat
463 865 496 926 te
524 863 558 926 in
585 862 647 927 hoc
675 881 822 926 sermone
850 861 1025 962 dimittam,
1052 860 1123 925 ulla
1150 862 1201 926 ιιιι

189 951 316 1017 ratione
338 973 425 1018 mors
447 949 510 1015 tibi
533 950 635 1016 videri
658 949 780 1014 maium
802 949 916 1032 possit

86 1053 170 1104 ,ιι
256 1040 296 1104 Α.
325 1038 387 1114 Qui
409 1061 450 1122 po
452 1042 530 1122 t,est
556 1059 628 1103 cum
651 1037 716 1102 ista
738 1037 965 1121 cognoverim?

255 1133 300 1192 Μ.
324 1126 385 1202 Qui
416 1127 533 1210 possit,
559 1125 679 1210 rogas?
730 1123 885 1190 Catervae
919 1125 1051 1192 veniunt
1083 1129 1201 1190 contra
1217 1154 1246 1192 ιο

190 1215 308 1280 dicent
284 1219 379 1296 t,1um
401 1236 460 1279 nec
479 1214 584 1279 solum
602 1213 848 1297 Epicureorum,
866 1235 947 1298 quos
967 1213 1114 1299 equidem
1132 1236 1200 1280 non

188 1303 344 1386 despicio,
377 1301 434 1366 sed
463 1302 571 1367 nescio
604 1323 667 1386 quo
699 1301 796 1367 modo
827 1302 1031 1368 doctissimus
1062 1302 1200 1388 quisque

190 1391 404 1474 [contemnit],
422 1411 587 1455 acerrume
601 1394 710 1456 eutem
723 1390 857 1456 deliciae
875 1412 965 1456 meae
981 1389 1200 1456 Dicaearchus

190 1482 266 1545 cont
267 1501 304 1546 ra
251 1477 414 1544 thano
441 1479 718 1544 immortalitatem
745 1477 906 1544 disseruit
954 1477 987 1543 Is
1020 1479 1107 1542 enim
1138 1479 1199 1544 tris

189 1567 291 1634 libros
310 1566 448 1651 scripsit,
467 1590 524 1652 qur
514 1565 720 1632 Lesbiaci
738 1573 907 1649 vocantur,
925 1565 1011 1652 quod
1028 1565 1200 1650 Mytilenis
1216 1594 1244 1633 15

190 1677 295 1721 sermo
322 1655 423 1722 habet
408 1659 473 1740 ι,ιιι
501 1656 538 1722 in
562 1655 780 1740 quibust
711 1653 780 1718 volt
811 1654 938 1720 efficere
968 1655 1095 1720 animos
1129 1677 1201 1720 esse

189 1745 343 1810 mortalis.
382 1707 483 1810 Stoici
506 1747 614 1809 antem
637 1765 770 1808 usuram
791 1742 886 1808 nobis
909 1743 1094 1828 largiuntur
1116 1747 1201 1810 tam-
1269 1761 1270 1836 ι

189 1855 287 1916 quam
311 1832 503 1918 cornicibus3
527 1833 581 1898 diu
604 1853 773 1898 mansuros
797 1831 888 1896 aiunt
911 1832 1050 1913 animos,
1074 1853 1203 1934 semper
1269 1843 1270 1852 ’

137 1918 180 1982 32
189 1924 319 2006 nagan
296 1917 451 1986 tNum
473 1943 541 1987 ιιοιι
563 1921 613 1985 vis
635 1921 735 2006 igitur
758 1919 881 2004 audire,
910 1941 978 2000 cur,
1001 1881 1131 1986 etiamsi
1153 1921 1203 1986 ita

190 2010 249 2090 sit,
272 2031 359 2074 mors
383 2013 493 2074 tamen
516 2031 582 2075 non
605 2010 704 2074 sitm
728 2007 844 2074 melis?
1217 2038 1245 2076 ιο

190 2184 211 2249 d
255 2097 297 2249 ιιι
324 2095 371 2162 Ut
402 2097 490 2162 videt
476 2101 542 2180 tur,
579 2097 634 2162 sed
666 2119 717 2162 mc
754 2118 848 2162 nemo
886 2097 925 2162 de
961 2095 1148 2162 inmortalit
1133 2099 1204 2160 tate

213 2206 271 2268 epe
284 2186 338 2249 let

136 2287 171 2337 '18
255 2279 300 2338 Μ.
322 2270 434 2339 Laudo
458 2272 491 2337 id
513 2272 656 2357 quidem,
679 2273 742 2337 etsi
697 2273 840 2338 tnihil
858 2271 956 2336 nimis
969 2275 1108 2355 oportet
1126 2293 1203 2338 con·
1268 2347 1269 2362 ¹

189 2360 297 2428 fidere.
345 2361 514 2428 Movemur
542 2362 628 2428 enim
657 2383 751 2444 saepe
779 2361 887 2444 aliquo
915 2363 1008 2425 acute
1038 2361 1203 2442 concluso,
1268 2365 1269 2396 ι

106 2487 110 2492 -
189 2448 337 2516 labamus
360 2454 595 2550 mutamusque
610 2450 802 2515 sententiam
829 2449 1021 2514 clarioribus
1043 2446 1177 2513 etiam
1166 2469 1244 2516 mus

189 2538 335 2639 rebus,
326 2561 360 2604 ιιι
387 2539 439 2604 his
468 2543 519 2602 est
546 2538 631 2602 enim
659 2538 768 2620 aliqua
796 2536 986 2601 obscuritas
1035 2533 1073 2599 Id
1099 2536 1204 2620 igitur

190 2627 220 2692 si
242 2626 408 2710 acciderit,
434 2627 536 2692 simus
560 2626 685 2690 armat

256 2715 298 2782 Α,
326 2677 408 2780 Sami
430 2714 572 2798 quidem,
596 2712 650 2777 sed
672 2735 715 2777 ne
737 2712 875 2795 accidat,
898 2712 1082 2796 providebo.

256 2807 301 2866 Μ.
320 2801 408 2867 Νιιιιι
426 2801 503 2886 quid
521 2801 622 2886 igitur
636 2805 686 2865 est
700 2823 824 2879 causae,
843 2802 922 2884 quin
936 2801 1056 2866 amicos
1070 2802 1202 2870 nostros

191 2887 318 2956 Stoicos
342 2889 566 2954 dimittamus?
596 2910 654 2953 eos
675 2888 762 2972 dico,
789 2889 844 2973 qui
868 2889 960 2953 aiunt
982 2908 1112 2952 manere
1135 2889 1203 2952 ani·
1217 2917 1244 2956 ao

190 3000 276 3062 mos,
299 2999 371 3044 cum
395 2999 412 3041 e
436 2998 570 3061 corpore
594 2977 801 3059 excesserint,
824 2975 880 3040 sed
903 2997 970 3041 non
992 2997 1127 3060 semper.

256 3067 297 3131 A.
320 3065 407 3130 Istos
434 3086 526 3149 vero,
554 3065 623 3150 qui,
651 3065 736 3150 quod
758 3067 828 3128 tota
858 3063 892 3128 ιιι
914 3063 975 3130 hec
998 3086 1096 3128 causa
1118 3063 1203 3130 diffi-

191 3154 348 3222 cillimum
375 3156 438 3238 est,
466 3154 659 3237 suscipiant,
686 3174 781 3237 posse
809 3152 954 3217 animum
980 3173 1111 3217 manere
1134 3173 1203 3217 cor-

189 3265 269 3326 pore
289 3247 471 3320 vacantem,
494 3242 715 3324 illudentem,
739 3239 824 3324 quod
840 3261 907 3306 non
925 3239 1022 3304 modo
1045 3239 1145 3304 facilc
1162 3241 1204 3304 ed

190 3330 385 3396 credendum
414 3334 477 3410 est,
504 3330 560 3395 sed
588 3351 626 3393 eo
656 3350 822 3411 concesso,
850 3327 936 3412 quod
967 3327 1097 3412 volunt,
1129 3350 1204 3394 con·
1218 3356 1242 3396 se

191 3441 341 3504 sequens,
370 3418 404 3484 id
425 3439 492 3483 ιιοιι
515 3416 704 3500 concedant,
726 3421 778 3500 ut,
806 3438 878 3481 cum
900 3415 958 3482 diu
977 3417 1205 3502 permanserit,

189 3529 231 3570 ne
253 3508 400 3572 intereat.
