2552 3966
172 213 215 276 46
439 209 732 266 ACADEMICORUM
749 209 916 265 PRIORUM

171 374 253 439 nihil
276 395 408 457 prorsus
427 374 556 438 intersit
580 375 606 457 [,
628 376 661 438 et
683 394 738 438 eos
763 372 891 457 quidem
909 374 1192 457 innumerabiles],

172 464 313 546 itemque
336 463 491 528 homines.
528 461 654 526 Deinde
677 461 837 545 postulas,
859 465 909 545 ut,
933 461 1120 527 simundus
1139 463 1190 526 ita

173 551 217 616 sit
238 573 296 635 par
325 550 423 615 alteri
442 550 575 633 mundo,
601 553 639 614 ut
661 550 745 614 inter
773 571 892 615 eosne
920 550 1092 615 minimum
1116 551 1190 634 qui-

173 639 244 704 dem
263 639 400 723 intersit,
423 639 619 704 concedatur
640 637 715 722 tibi,
737 641 775 701 ut
792 638 828 702 in
843 637 906 703 hoo
925 660 1052 723 quoque
1070 642 1189 704 nostro

171 729 292 793 mundo
312 728 433 813 aliquid
453 727 550 792 alicui
569 726 615 792 sic
635 726 679 791 sit
696 748 764 811 par,
787 731 825 791 ut
841 726 925 791 nihil
944 727 1082 812 differat,
1100 727 1225 794 nihils

172 817 309 881 intersit.
353 815 417 882 Cur
439 816 540 899 enim,
568 815 707 900 inquies,
736 836 809 880 cum
837 837 875 880 ex
902 815 969 880 illis
999 815 1191 900 individuis,

172 906 257 970 unde
294 905 404 970 omnia
430 903 636 970 Democritus
669 903 761 988 gigni
789 903 952 988 adfirmat,
985 904 1020 970 in
1048 904 1188 988 reliquia

171 993 312 1076 mundis,
340 997 373 1058 et
395 993 492 1057 iniis
515 993 645 1078 quidem
667 992 974 1076 innumerabilibus,
1001 993 1189 1058 innumera·

172 1083 254 1147 biles
281 1081 318 1158 Q.
345 1081 468 1146 Lutatii
494 1078 602 1145 Catuli
627 1102 701 1148 non
728 1081 824 1147 modo
857 1082 986 1164 possint
1013 1103 1096 1160 esse,
1131 1082 1189 1146 sed

172 1172 272 1235 etiam
305 1170 382 1253 sint,
410 1170 447 1233 in
475 1170 538 1234 hoc
568 1173 661 1234 tanto
695 1169 814 1234 mundo
844 1166 977 1234 Catulus
1007 1168 1092 1234 alter
1119 1192 1188 1235 non
1203 1199 1235 1238 1o

50 1335 56 1342 ,
171 1259 277 1343 possit
300 1257 407 1322 effici?

120 1319 161 1447 ἐξ
238 1346 383 1411 Primum
416 1345 545 1431 quidem
577 1366 628 1409 me
661 1346 702 1410 ad
733 1345 956 1412 Democritum
988 1367 1101 1430 vocas,
1136 1348 1189 1412 cui

101 1473 105 1482 ·
172 1457 238 1501 non
270 1435 435 1500 adsentior
463 1434 636 1518 potiusque
667 1437 689 1516 †
716 1434 850 1500 refellor
879 1437 988 1518 potest
1019 1435 1065 1518 id,
1099 1435 1189 1519 quod

173 1523 310 1589 dilucide
343 1523 475 1588 docetur
506 1545 526 1587 a
558 1523 765 1608 politioribus
795 1523 953 1608 physicis,
982 1523 1188 1608 singularum

172 1635 280 1677 rerum
303 1612 448 1696 singulas
468 1612 685 1697 proprietates
709 1633 788 1676 esse.
830 1611 897 1676 Fac
920 1612 1007 1677 enim
1030 1612 1187 1696 antiquos
1203 1639 1228 1680 rs

171 1702 246 1767 illos
266 1699 433 1784 Servilios,
456 1702 512 1784 qui
528 1700 650 1786 gemini
673 1699 817 1782 fuerunt,
839 1704 907 1764 tam
927 1700 1063 1782 similes,
1088 1723 1188 1786 quam

173 1791 334 1874 dicuntur3
370 1812 448 1855 num
485 1811 595 1854 censes
632 1788 731 1854 etiam
763 1789 892 1854 eosdem
932 1789 1055 1854 fuisse?
1109 1787 1188 1854 Non

173 1879 451 1964 cognoscebantur
472 1877 561 1942 foris.
606 1876 654 1940 At
676 1877 772 1942 domi.
808 1877 885 1942 Non
908 1877 948 1942 ab
972 1877 1097 1943 alienis.
1140 1878 1188 1941 At

173 1991 193 2032 a
220 1968 295 2031 suis.
342 1967 396 2030 An
424 1987 491 2029 non
518 1965 663 2031 videmus
689 1965 752 2030 hoc
779 1987 840 2030 usu
866 1966 988 2050 venire,
1020 1970 1070 2050 ut,
1102 1988 1186 2049 quos

171 2077 348 2140 numquam
375 2057 581 2138 putassemus
609 2076 629 2118 a
655 2053 751 2120 nobie
782 2054 958 2120 internosci
985 2076 1095 2139 posse,
1129 2076 1185 2121 eos
1199 2083 1224 2121 eo

173 2142 401 2208 consuetudine
429 2141 574 2207 adhibita
596 2146 666 2207 tam
687 2143 783 2208 facile
806 2143 1109 2227 internosceremus,
1135 2145 1186 2208 uti

120 2255 153 2305 57
171 2254 212 2298 ne
240 2230 410 2296 minimum
442 2230 571 2315 quidem
604 2231 726 2296 similes
759 2253 828 2296 esse
859 2231 1066 2297 viderentur?
1121 2231 1186 2296 Hic

172 2340 296 2405 pugnes
324 2320 414 2404 licet3
440 2341 507 2385 non
533 2321 737 2404 repugnab03
769 2321 848 2404 quin
877 2320 975 2384 etiam
1008 2320 1185 2386 concedam
1267 2343 1268 2435 q

171 2410 266 2474 illum
287 2409 397 2494 ipsum
421 2408 612 2494 sapientem,
640 2409 764 2493 dequo
790 2408 895 2474 omnis
918 2408 971 2473 hic
995 2429 1100 2474 sermo
1124 2414 1185 2490 est,

172 2521 245 2564 cum
268 2497 298 2563 ei
320 2520 371 2563 res
395 2497 517 2563 similes
541 2501 725 2581 occurrant,
752 2519 832 2581 quas
854 2519 921 2562 non
950 2497 1070 2562 hebeat
1092 2499 1184 2563 dino-
1198 2523 1221 2564 a
1266 2539 1267 2572 t

172 2591 273 2670 tatas,
309 2590 509 2653 retenturum
540 2586 712 2651 adsensum
743 2607 802 2650 nec
833 2608 987 2669 umquam
1019 2586 1081 2650 ulli
1112 2587 1183 2652 viso

173 2676 396 2757 adsensurum,
423 2675 488 2739 nisi
511 2675 596 2758 quod
619 2675 684 2738 tale
707 2673 818 2758 fuerit,
845 2675 940 2758 quale
969 2674 1088 2739 falsum
1113 2697 1183 2740 esse

172 2785 239 2828 non
268 2764 381 2846 possit.
431 2761 494 2826 Sed
525 2766 557 2826 et
585 2762 629 2841 adx
653 2765 775 2827 ceteras
805 2784 856 2827 res
887 2762 988 2827 habet
1019 2765 1183 2848 quandam

173 2855 290 2935 artem,
322 2873 386 2935 qua
411 2872 489 2915 vera
521 2871 541 2915 a
571 2849 665 2914 falsis
697 2851 803 2934 possit
833 2851 1045 2936 distinguere,
1079 2857 1111 2916 et
1144 2855 1182 2917 ad

173 2939 399 3004 similitudines
431 2939 510 3004 istas
542 2960 620 3004 usus
655 2938 856 3004 adhibendus
889 2944 947 3005 est.
1000 2938 1047 3006 Ut
1078 2945 1218 3008 mutereo

150 3027 320 3114 geminos
353 3027 544 3092 internoscit
580 3027 810 3093 consuetudine
848 3028 1031 3114 oculorum,
1064 3029 1110 3094 sic
1146 3033 1181 3095 tu

173 3119 386 3199 internosces,
415 3117 443 3180 si
471 3115 663 3182 adsuereris.
712 3115 867 3200 Videsne,
894 3118 987 3181 utin
1010 3119 1181 3201 proverbio

173 3207 219 3272 sit
244 3227 377 3272 ovorum
404 3205 488 3271 inter
515 3226 549 3269 se
577 3205 780 3270 similitudo?
831 3205 952 3270 Tamen
974 3205 1036 3271 hoc
1059 3208 1181 3291 accepi·

173 3311 259 3377 mue,
293 3292 367 3358 Deli
403 3292 504 3358 fuisse
537 3295 718 3378 complures
753 3294 851 3359 saluis
884 3293 980 3358 rebus
1016 3294 1096 3379 illis,
1128 3298 1180 3380 qui

174 3382 312 3468 gallinas
341 3382 425 3446 alere
452 3382 629 3465 permultas
661 3385 813 3467 quaestus
842 3404 939 3448 causa
972 3383 1126 3467 solerent,
1157 3385 1180 3448 ii
1192 3411 1215 3450 u

174 3491 247 3534 cum
281 3491 377 3535 ovum
409 3470 630 3554 inspexerant,
662 3492 743 3555 quae
774 3470 808 3535 id
841 3471 965 3555 gallina
997 3472 1180 3556 peperisset,

122 3579 155 3628 58
174 3557 278 3622 dicere
311 3558 467 3622 solebant.
524 3557 637 3642 Neque
673 3559 706 3622 id
744 3562 794 3623 est
825 3563 939 3623 contra
970 3581 1038 3625 nos.
1097 3559 1180 3626 Nam
