2568 3948
151 214 216 278 212
315 213 363 266 DE
382 210 528 266 FINIBUS
547 207 726 264 BONORUM
745 208 791 262 ET
811 207 995 263 MALORUM

101 382 140 444 11
218 376 290 460 Age
312 394 397 438 nunc
425 369 481 436 isti
509 373 660 453 doceant,
686 372 739 434 vel
764 374 800 434 11
827 370 937 453 potius
965 365 1050 453 (quis
1075 368 1161 432 enim

151 465 216 528 ista
234 459 402 546 meliust),
425 481 565 543 quonam
590 459 685 523 modo
705 459 746 522 ab
771 458 875 522 isdem
897 457 1064 540 principiis
1087 477 1161 539 pro·

45 565 53 574 “
151 551 229 615 fecti
257 549 418 631 efficiatis,
445 549 482 611 ut
508 547 645 612 honeste
672 547 780 611 vivere
807 543 853 629 (id
882 549 933 610 est
962 546 1047 609 enim
1069 544 1120 610 vel
1144 565 1161 606 e

151 639 272 703 virtute
286 638 337 701 vel
350 641 485 702 naturae
500 638 715 720 congruenter
727 631 849 718 vivere)
864 654 1024 698 summum
1040 633 1162 697 bonum

154 727 210 810 sit,
233 730 265 790 et
288 747 428 809 quonam
451 723 547 788 modo
571 727 628 787 aut
657 743 719 804 quo
742 722 813 787 loco
838 743 953 805 eorpus
977 720 1085 785 subito
1109 721 1189 785 des

153 814 317 880 serueritis
342 813 513 895 omniaque
537 833 587 894 ea,
610 832 706 894 quae,
730 810 1070 874 secundum-naturam
1089 830 1162 873 eum

154 903 229 984 sint,
247 901 356 966 absint
375 922 395 963 a
411 904 526 964 nostra
543 901 715 982 potestate,
733 899 841 981 ipsum
859 897 994 980 denique
1010 895 1162 962 officium.

154 990 280 1067 Quaero
303 989 417 1074 igitur,
442 1009 506 1071 quo
530 987 625 1051 modo
649 986 710 1050 hae
732 989 844 1051 tantae
867 985 1162 1051 commendationes
1184 1020 1188 1026 ·

154 1101 173 1142 a
205 1081 322 1141 natura
352 1075 515 1158 profectae
549 1074 656 1138 subito
689 1096 708 1137 a
740 1074 899 1158 sapientia
925 1073 1056 1137 relictae
1087 1073 1163 1136 siut.

101 1186 134 1233 au
154 1165 276 1242 Quodsi
307 1185 373 1228 non
403 1163 544 1228 hominis
577 1183 738 1226 summum
769 1161 890 1226 bonum
928 1181 1163 1244 quaereremus,
1177 1187 1205 1224 ιο

154 1254 210 1322 sed
243 1251 409 1317 cuiusdam
446 1250 635 1333 animantis,
670 1250 698 1314 is
731 1253 839 1314 autem
871 1253 957 1312 esset
987 1248 1070 1312 nihil
1100 1249 1164 1313 nisi

155 1341 279 1404 animus
307 1337 420 1424 (liceat
443 1338 534 1422 ,enim
561 1338 682 1421 fingere
712 1336 834 1421 aliquid
866 1337 933 1401 eius
966 1337 1067 1419 modi,
1099 1359 1164 1420 quo

153 1449 264 1492 verum
295 1427 425 1491 facilius
462 1424 688 1510 reperiamus),
719 1429 830 1490 tamen
865 1425 916 1488 illi
953 1425 1060 1488 animo
1096 1445 1165 1490 non

154 1519 240 1580 esset
261 1515 315 1580 hic
339 1518 446 1579 vester
468 1513 551 1577 finis.
592 1511 803 1577 Desideraret
827 1513 913 1577 enim
935 1512 1164 1596 valetudinem,

154 1605 350 1669 vacuitatem
383 1603 521 1684 doloris,
555 1603 722 1684 appeteret
753 1601 852 1665 etiam
884 1601 1164 1666 conservationem
1180 1628 1205 1666 15

155 1693 205 1756 sui
242 1713 417 1775 earumque
453 1711 561 1754 rerum
598 1689 778 1753 custodiam
801 1689 960 1772 finemque
992 1689 1057 1755 sibi
1091 1711 1164 1753 con·

155 1781 305 1844 stitueret
328 1778 500 1843 secundum
519 1781 670 1842 naturam
690 1777 812 1859 vivere,
835 1777 919 1860 quod
942 1780 1006 1860 est,
1027 1780 1065 1841 ut
1088 1776 1165 1854 dixi,

154 1868 273 1932 habere
302 1889 352 1950 ea,
381 1887 462 1950 quae
490 1865 665 1929 seeundum
692 1867 843 1929 naturam
872 1865 950 1946 sint,
979 1864 1031 1928 vel
1055 1866 1164 1929 omnia

101 1975 136 2024 28
155 1957 206 2020 vel
238 1955 377 2039 plurima
409 1957 443 2017 et
473 1954 622 2016 maxima.
682 1949 915 2035 Cuiuscumque
953 1951 1038 2016 enim
1075 1952 1164 2017 modi

156 2043 276 2107 animal
305 2041 525 2117 constitueris,
552 2061 683 2104 neeesse
707 2043 768 2124 est,
795 2040 923 2105 etiamsi
946 2037 979 2102 id
1003 2039 1071 2102 sine
1095 2061 1163 2104 cor·
1179 2067 1206 2106 ao

154 2152 232 2213 pore
257 2131 313 2211 sit,
335 2132 372 2192 ut
394 2127 561 2212 fingimus,
588 2130 700 2192 tamen
722 2148 791 2192 esse
817 2127 852 2191 in
875 2128 982 2192 animo
1006 2127 1165 2210 quaedam

124 2219 127 2224 ’
155 2217 276 2282 similia
300 2238 422 2299 eorum,
450 2237 531 2299 quae
555 2215 688 2279 suntin
710 2237 857 2299 corpore,
886 2219 924 2278 ut
945 2214 1035 2279 nullo
1059 2216 1164 2300 modu,

154 2307 217 2370 nisi
235 2308 273 2369 ut
290 2305 437 2388 exposui,
461 2303 616 2369 constitui
634 2304 739 2386 possit
761 2303 834 2368 finis
857 2303 1023 2368 bonorum.
1060 2300 1164 2386 Chry·

155 2395 267 2477 sippus
299 2395 407 2457 autem
440 2413 602 2475 exponens
636 2391 834 2455 differentias
867 2391 1080 2455 animantium
1117 2391 1165 2455 ait

155 2483 236 2546 alias
270 2502 381 2545 aarum
412 2500 547 2563 corpore
579 2479 747 2562 excellere,
784 2479 866 2543 alias
903 2482 1011 2543 autem
1047 2479 1164 2561 animo,
1179 2506 1205 2546 25

154 2591 220 2634 non
246 2569 354 2633 nullas
382 2568 490 2632 valere
517 2572 653 2651 utraque
680 2589 728 2650 re3
757 2567 869 2632 deinde
893 2566 1051 2650 disputat,
1079 2567 1164 2650 quod

154 2657 307 2740 cuiusque
331 2657 458 2741 generis
482 2655 697 2720 animantium
721 2655 821 2719 statui
844 2654 955 2719 deceat
978 2658 1164 2720 extremum.

156 2743 238 2808 Cum
265 2747 374 2809 autem
400 2743 563 2808 hominem
591 2744 625 2807 in
657 2763 695 2807 eo
724 2763 840 2827 genere
867 2742 1043 2825 posuisset,
1070 2745 1107 2806 ut
1133 2743 1164 2806 ei

154 2832 313 2896 tribueret
332 2831 431 2897 animi
450 2831 687 2914 excellentiam,
710 2851 870 2894 summum
892 2829 1012 2900 bonum
1036 2830 1070 2893 id
1089 2851 1162 2896 con-

2 3001 3 3008 ,
156 2920 276 3003 stituit,
307 2942 374 2984 non
404 2924 442 2984 11
474 2919 626 2983 excellere
660 2919 800 3001 animus,
834 2918 889 2982 sed
916 2922 953 2982 11
979 2917 1063 2982 nihil
1095 2939 1165 2982 esse
1178 2945 1205 2985 co

1 3035 3 3042 ⁴
105 3011 282 3092 12praeter
305 3008 448 3071 animum
471 3006 641 3071 videretur.
686 3005 760 3071 Uno
784 3011 891 3070 autem
919 3005 1015 3071 modo
1044 3006 1080 3070 in
1102 3007 1164 3070 vir-

155 3099 226 3161 tute
254 3095 325 3160 sola
355 3116 515 3160 summum
542 3094 663 3158 bonum
690 3096 777 3158 recte
805 3098 991 3177 poneretur,
1019 3093 1048 3158 si
1080 3093 1165 3178 quod

157 3187 242 3249 esset
260 3183 389 3267 animal,
407 3182 492 3266 quod
510 3185 670 3247 totumeex
689 3184 797 3245 manta
816 3186 988 3265 constaret,
1006 3182 1040 3246 id
1058 3182 1166 3266 ipsum

156 3277 268 3336 tamen
299 3271 359 3348 sic,
390 3274 428 3333 11
459 3291 498 3333 ea
529 3289 620 3333 mens
652 3268 735 3334 nihil
767 3268 902 3334 haberet
934 3270 969 3333 in
1001 3291 1049 3352 se,
1081 3272 1166 3353 quod

103 3380 137 3427 29
156 3362 243 3424 esset
265 3358 438 3422 secundum
460 3361 624 3439 naturam,
646 3362 685 3422 ut
706 3356 858 3422 valetudo
881 3360 939 3422 est.
984 3356 1046 3422 Sed
1069 3358 1102 3421 id
1124 3380 1165 3423 ne
1179 3384 1206 3425 ³5

157 3447 295 3532 cogitari
327 3445 457 3528 quidem
487 3449 597 3528 potest
626 3447 721 3530 quale
753 3445 809 3530 sit,
840 3449 878 3511 ut
908 3465 974 3512 non
1005 3451 1166 3531 repugnet

157 3535 265 3618 ipsum
290 3534 359 3597 sibi.
