2564 3950
324 219 455 276 auant
484 219 561 276 eur.
582 226 703 276 11-14.
731 225 886 287 ene-ae.
1047 219 1111 286 367

168 380 241 450 Hoc
267 385 305 448 tu
335 382 436 467 igitur
463 403 573 451 censes
602 383 742 466 sapienti
769 383 910 450 accidere
937 403 1045 469 poree,
1076 385 1114 450 ut
1126 388 1165 454 13

104 469 307 572 aegritudine
339 470 553 554 opprimatur,
581 470 617 536 id
648 474 699 536 est
725 471 875 536 miseria?
925 469 1010 537 Nam
1039 493 1114 538 oum

103 580 208 624 omma
240 558 443 642 perturbatio
475 558 607 624 miseria
642 562 705 640 est,
741 563 812 625 tum
847 559 1031 625 carnificina
1063 565 1113 628 eat

102 646 282 734 aegritudo.
330 645 440 712 Habet
468 645 615 712 ardorem
642 645 756 731 libido,
788 647 954 713 levitatem
987 647 1114 713 laetitia

5 781 7 836 p
76 731 262 820 egeatiena,
293 733 513 802 humilitatem
545 738 664 818 metue,
701 735 757 800 sed
788 735 955 820 aegritudo
988 736 1113 802 maiora

5 839 9 906 2
103 822 276 906 quaedam,
294 822 414 904 tabem,
432 823 619 906 cruciatum,
637 822 896 907 adflictationem,
918 821 1113 906 foeditatem,

5 969 6 974 ,
102 910 239 994 lacerat,
268 914 358 976 exest
385 911 528 977 animum
554 911 711 994 planeque
738 911 875 978 conficit.
924 909 1018 976 Hanc
1048 912 1113 977 nisi

5 1045 6 1048 ,
103 999 249 1064 exuimus
277 999 337 1083 aio,
368 1001 406 1064 ut
437 999 626 1082 abiciamus,
653 999 784 1066 miseria
815 1019 921 1065 carere
947 1021 1014 1064 non
1039 1021 1113 1084 pos·

103 1108 224 1152 sumus.

61 1199 89 1240 ιο
170 1174 279 1260 Atque
305 1175 368 1240 hoc
395 1173 524 1259 quidem
550 1175 756 1259 perspicuum
783 1179 847 1260 est,
874 1180 944 1242 tum
973 1177 1112 1262 aegritu·
1130 1193 1165 1244 28

102 1263 212 1332 dinem
239 1264 389 1347 existere,
416 1285 490 1330 cum
518 1263 595 1348 quid
616 1265 664 1330 ita
686 1264 792 1330 visum
814 1264 871 1349 sit,
898 1268 936 1329 ut
958 1286 1113 1350 magnum

7 1427 12 1436 ,
102 1351 264 1436 quoddam
287 1351 410 1420 malum
438 1352 550 1418 adesse
572 1356 606 1416 et
631 1373 745 1438 urgere
768 1352 925 1418 videatur.
969 1353 1112 1437 Epicuro

103 1442 213 1506 autem
231 1439 340 1524 placet
353 1439 538 1524 opinionem
553 1441 631 1506 mali
650 1439 885 1524 aegritudinem
899 1462 970 1508 ease
988 1445 1114 1524 natura,

102 1531 154 1612 ut,
177 1527 370 1612 quicumque
391 1528 557 1594 intueatur
583 1529 619 1594 in
643 1527 773 1612 aliquod
795 1529 900 1594 moiun
923 1529 1057 1612 malum,
1084 1529 1113 1596 si

5 1649 8 1680 ι
61 1639 89 1683 ra
103 1615 138 1680 id
162 1616 225 1681 sibi
248 1615 402 1681 accidisse
420 1615 589 1700 opinetur,
611 1617 655 1682 ait
678 1616 828 1680 continuo
851 1617 886 1682 in
905 1617 1113 1702 aegritudine.

103 1701 277 1789 Cyrenaici
300 1725 365 1770 non
388 1705 476 1768 omni
499 1704 584 1769 malo
609 1703 842 1790 aegritudinem
863 1703 948 1769 effici
972 1708 1114 1788 censent,

103 1791 161 1858 aed
191 1793 358 1876 insperato
390 1795 424 1856 et
453 1792 648 1876 necopinato
680 1789 777 1856 malo.
829 1791 891 1856 Est
921 1791 955 1856 id
983 1791 1114 1876 quidem

103 1902 172 1945 non
207 1879 366 1946 mediocre
399 1877 439 1944 ad
472 1879 706 1966 aegritudinem
739 1879 931 1965 augendam3
963 1880 1114 1945 videntur

104 1968 192 2120 enipi
215 1968 324 2034 omnia
346 1967 514 2054 repentina
536 1967 696 2053 graviora.
740 1963 792 2032 Ex
817 1965 879 2034 hoc
902 1972 936 2032 et
961 1965 1020 2032 illa
1044 1967 1114 2034 iure

62 2078 90 2120 ao
103 2057 159 2122 lau
183 2060 290 2122 antur:

149 2154 231 2256 Ego
263 2191 345 2238 cum
377 2171 505 2256 genui,
536 2173 617 2235 rum
648 2170 857 2237 morituros
889 2165 986 2236 scivi
1013 2175 1051 2236 et
1080 2171 1114 2236 ei

793 2259 849 2324 rei
871 2259 1025 2324 surtuli.

149 2345 358 2412 Pradterea
380 2347 426 2414 ad
448 2346 601 2414 Troiam
624 2369 706 2412 cum
724 2347 812 2412 misi
836 2347 883 2411 ob
907 2346 1114 2412 defenden-

704 2434 789 2502 dam
812 2433 1026 2516 Grae‘ciam,

151 2521 303 2590 Scibam
338 2545 394 2590 me
428 2523 470 2588 in
504 2517 747 2588 mortiferum
782 2521 941 2605 bellum,
971 2523 1046 2586 n6n
1075 2523 1115 2585 in

702 2610 836 2694 epulas
859 2607 1025 2674 mittere.

172 2733 262 2801 Haec
279 2736 380 2822 igitur
398 2733 644 2820 praemeditatio
662 2733 846 2799 futurorum
860 2732 1019 2798 malorum
1034 2732 1115 2798 lenit
1125 2700 1167 2828 12¹ss

64 2844 92 2886 2⁵
106 2845 219 2892 eorum
246 2824 432 2906 adventum,
459 2845 542 2908 quaa
569 2821 732 2888 venientia
757 2821 855 2906 longe
883 2823 957 2886 ante
989 2821 1114 2886 videris.
1150 2869 1151 2874 η

86 2959 87 2962 =
104 2911 221 3000 Itaque
240 2911 327 2996 apud
345 2909 524 2995 Euripiden
543 2933 563 2976 a
580 2909 705 2977 Theseo
731 2908 817 2976 dicta
835 2907 1020 2994 laudantur3
1039 2907 1116 2974 licet

105 3002 206 3088 enim,
231 3004 270 3065 ut
296 3021 392 3085 saepe
418 2999 568 3083 facimm,
594 2999 628 3064 in
655 2997 808 3064 Latinum
834 2997 893 3062 illa
916 3000 1115 3063 convertere:

150 3109 1114 3200 Namquilradcauditaaddctomeminiaadmviro,

150 3203 319 3272 Futuras
342 3223 486 3270 mecum
507 3200 797 3268 cdmmentabar
819 3199 1012 3281 miseriae,

64 3312 92 3353 ³⁰
150 3292 228 3360 Aur
241 3293 402 3360 mortem
416 3289 593 3358 acerbam
605 3293 671 3356 aut
684 3287 972 3354 exilimaastam
985 3286 1115 3370 fugam

149 3379 228 3450 Aac
250 3381 399 3464 semper
421 3378 590 3462 aliquam
612 3378 749 3443 molem
772 3374 987 3440 meditabar
1009 3372 1115 3458 mali,

150 3467 216 3554 Ut,
238 3467 368 3552 siqua
390 3466 544 3534 invecta
567 3463 705 3532 dicitas
729 3467 818 3530 casu
841 3464 956 3546 foret,

151 3555 207 3626 Ne
229 3578 285 3624 me
308 3553 527 3641 inparatum
550 3559 641 3622 odra
662 3553 856 3622 laceraret
878 3571 1025 3636 repens.
